1934 2870
482 285 515 328 2
873 255 933 317 O
981 281 1093 318 ΚΑ
1141 283 1167 318 Τ
1217 283 1232 316 1
1279 281 1345 319 o.

462 280 586 396 ''elil-t
621 357 935 392 verumtamen
973 343 1028 390 ad
1066 346 1236 392 ludium
1281 345 1415 391 illum
1455 341 1744 396 leniendum,

480 435 572 468 tam
592 421 667 488 pia
687 414 945 485 praesertim
982 434 1034 462 ac
1062 418 1175 481 justa
1210 415 1264 461 de
1299 414 1428 463 causa
1466 414 1745 482 susceptum,

482 506 705 560 quantum
753 486 954 534 haeredis
1009 506 1061 534 ex
1115 487 1273 535 eadem
1328 489 1459 556 stirpe
1505 485 1746 554 superstitis

479 561 729 632 praesentia
762 560 912 605 valere
947 563 1129 626 potuit,
1164 564 1238 605 cui
1271 561 1318 607 in
1354 557 1745 617 demortuiRegis

478 637 635 683 locum
667 634 814 680 statim
850 628 1031 678 suffecto
1071 630 1380 680 concreditam
1429 630 1469 679 se
1517 648 1568 678 ac
1617 643 1751 692 com-ff

479 706 743 755 mendatam
760 702 933 752 videret
955 708 965 749 Ξ
1190 717 1195 721 ·

620 781 748 823 Haec
777 774 1034 836 hujusmodi
1052 773 1152 821 sunt
1171 812 1186 832 ,
1222 777 1425 836 erites
1444 812 1458 831 ,
1493 789 1542 821 ur
1577 772 1633 819 ad
1647 773 1746 817 tan-'

476 865 571 898 tam
605 846 870 895 felicitatem
898 845 1014 892 nihil
1045 846 1379 914 propemodum
1412 845 1516 892 addi
1538 844 1657 912 posse
1678 845 1745 887 vi·

475 922 646 970 deatur.
661 922 840 967 Verum
854 917 934 964 ista
949 932 1072 965 tanta
1093 916 1284 965 felicitas
1297 920 1359 964 ita
1376 920 1425 963 in
1445 917 1628 963 Gallico
1650 918 1742 960 Im-

476 996 609 1063 perio
630 995 727 1053 jam
757 988 862 1036 inde
899 988 953 1036 ab
989 991 1091 1036 oCto
1122 988 1307 1036 saeculis
1344 990 1617 1036 inveteravit
1645 1024 1659 1043 ‚
1699 998 1748 1031 ut

476 1081 621 1134 paene
650 1078 755 1107 eum
777 1060 973 1106 laetitiae
1013 1075 1191 1107 motum
1212 1097 1227 1117 ,
1257 1069 1302 1108 &
1339 1058 1463 1127 quast
1500 1058 1745 1127 voluptatis

476 1135 792 1182 titillationem
838 1128 1033 1177 amiserit
1069 1169 1083 1188 ,
1122 1149 1261 1199 quam
1292 1132 1434 1178 laetae
1470 1148 1535 1178 res
1583 1147 1634 1176 ac
1669 1132 1746 1191 ju·-

478 1205 653 1253 cundae
691 1202 845 1249 afferre
880 1201 1024 1249 solent
1057 1239 1067 1249 .
1101 1206 1331 1268 Magnum
1381 1202 1632 1271 quiddam„
1668 1218 1745 1246 ex-

477 1274 830 1325 traordinarium
848 1310 863 1330 ,
889 1272 1151 1320 inufitatum
1187 1290 1402 1343 perpetua
1430 1276 1511 1322 ista
1532 1312 1546 1331 ,
1579 1272 1746 1321 stabilis

476 1366 529 1397 ac
549 1345 745 1397 secunda
777 1343 962 1393 fortuna
992 1344 1208 1392 desiderat
1236 1384 1247 1393 .
1282 1344 1423 1409 Qod
1462 1346 1647 1414 quidem
1683 1345 1746 1389 ita

473 1421 653 1469 Galliae
692 1416 951 1464 concessum
988 1416 1101 1474 fuit,
1134 1435 1181 1464 ut
1211 1436 1306 1463 non
1330 1434 1563 1485 tamquam
1577 1416 1745 1480 vulga-

475 1494 515 1540 ri
546 1509 599 1538 ac
630 1490 869 1535 communi
905 1487 1077 1552 gaudio
1118 1489 1274 1534 laetari
1308 1525 1321 1545 ,
1367 1488 1440 1535 sed
1482 1487 1743 1534 incredibili

475 1561 675 1631 quadam
697 1597 711 1617 ,
751 1577 803 1606 ac
825 1573 998 1627 praeter
1035 1577 1223 1605 omnem
1262 1576 1437 1607 morem
1458 1558 1639 1607 insolita
1659 1577 1745 1606 vo-

475 1635 646 1703 luptate
664 1631 823 1697 gestire
840 1645 973 1698 atque
991 1629 1207 1678 exsultare
1235 1631 1420 1680 debeat.
1455 1631 1580 1690 Quid
1616 1633 1741 1678 enim

475 1705 531 1753 ad
564 1721 663 1752 earn
683 1740 697 1762 ,
736 1719 874 1770 quarn
897 1701 1002 1749 dico
1025 1702 1324 1761 ,felicitatem
1362 1703 1621 1768 augendam
1661 1720 1743 1748 cu·-

476 1775 838 1842 mulandamque
889 1789 965 1822 aut
1001 1778 1300 1844 opportunius
1350 1791 1574 1845 expeteret
1608 1813 1622 1832 ‚
1659 1788 1738 1821 aut

476 1847 812 1895 conducibilius
846 1849 1153 1911 excogitaret,
1191 1865 1327 1915 quam
1352 1847 1477 1916 quod
1506 1851 1547 1894 ei
1572 1862 1741 1914 nuper-

474 1923 587 1967 rime
620 1918 838 1983 fingulari
857 1922 946 1966 Dei
985 1919 1263 1984 benignitate
1290 1922 1517 1984 contigit?
1548 1918 1740 1965 Frueba-

476 2007 549 2038 tur
586 1993 741 2057 quieta
784 2007 836 2036 ac
870 2006 1028 2059 pacata
1062 1989 1404 2060 praeclarissimi
1445 2009 1497 2037 ac
1540 1991 1738 2037 clemen·-

470 2062 634 2109 tissimi
657 2064 798 2126 Regis
819 2062 1137 2110 dominatione
1160 2063 1183 2132 (
1203 2062 1255 2110 de
1274 2068 1519 2113 Lunovico
1538 2064 1736 2111 Decimo

469 2137 652 2195 Qiinto
672 2134 878 2205 loquor)
899 2138 1020 2196 cujus
1038 2138 1227 2204 Imperii
1252 2140 1399 2204 prima
1432 2135 1513 2181 illa
1530 2135 1661 2179 initia
1675 2131 1732 2179 ad

469 2207 624 2271 Regni
644 2208 779 2254 totius
811 2207 1200 2274 tranquillitatem.
1228 2224 1280 2254 ac
1306 2205 1572 2255 Catholicae
1603 2204 1736 2254 Reli-

1121 2273 1123 2275 *
1630 2279 1736 2344 gio-⁴
