1934 2870
550 186 612 248 O
658 212 691 248 R
738 211 771 247 A
818 212 848 248 τ
893 213 910 247 1
956 210 1027 251 oi
1342 210 1423 270 37

151 284 295 344 ‘eaque
323 270 555 322 universae
587 273 767 320 Galliae
803 275 919 322 votis
954 292 1007 320 ac
1039 272 1248 343 precibus
1285 290 1422 342 expe..

151 350 348 397 tebatur.
380 347 677 412 chmque
706 363 759 391 ex
782 346 863 393 tali
894 360 1110 413 tantoque
1132 350 1261 408 Rege
1284 346 1422 391 Filius

151 434 277 468 natus
303 415 439 473 effet,
467 434 604 463 nemo
643 415 906 474 dubitabat,
946 421 1059 486 quin
1096 416 1152 463 ad
1186 415 1419 463 summam

149 491 332 557 Imperii
360 490 492 534 totius
526 487 792 535 felicitatem
825 488 969 536 editus
1003 487 1156 550 foret3
1195 497 1239 536 δε
1264 485 1423 556 ,quasi

149 561 294 607 animi
308 556 642 627 praesentirent
658 562 706 606 in
723 561 951 628 posterum
968 598 981 618 ,
995 561 1132 608 talem
1156 556 1236 607 fibi
1260 567 1304 607 ὃς
1325 562 1420 606 vir-

148 646 240 679 tute
276 639 319 679 &
351 630 477 677 rebus
512 632 649 696 'gestis
683 639 727 679 ὃς
751 634 950 679 victoriis
985 642 1030 681 δε
1066 634 1250 679 caeteris
1284 646 1425 677 orna-

148 705 311 750 mentis
332 702 544 750 omnibus
563 699 847 751 cumulatum
869 706 1148 769 cogitatione
1177 703 1418 750 adumbra-

147 775 290 832 bant,
326 775 511 842 qualem
547 792 689 844 prope
728 790 852 822 certo
889 813 904 833 ,
943 779 1009 823 uti
1047 789 1235 823 event-us
1270 776 1421 842 postea.

147 846 472 893 demonstravit
492 884 506 905 ,
536 845 755 913 siquidem
788 845 1009 915 susceptus
1047 846 1180 904 effet,
1215 845 1423 893 futurum

149 917 474 964 ominabantur
496 958 507 966 .
533 922 709 964 Verum
737 917 815 964 diu
834 921 1123 985 multumque
1147 918 1326 964 Galliae
1354 917 1423 963 di-

149 990 239 1036 lata
272 1003 378 1037 vota
408 1006 418 1036 :
459 1007 573 1036 unus
603 1025 617 1046 ,
656 989 769 1035 alter
792 1026 806 1046 ,
846 991 1000 1035 tertius
1031 1026 1045 1046 ,
1085 1006 1231 1056 eoque
1266 988 1421 1056 plures

148 1063 256 1109 anni
291 1060 486 1123 abeunt3
525 1078 610 1107 nec
640 1076 792 1107 tamen
821 1063 1004 1124 Regina
1038 1074 1217 1107 uterum
1258 1062 1416 1124 gerit,

147 1150 232 1180 nec
267 1132 414 1198 proles
451 1133 545 1179 ulla
578 1130 813 1200 suscipitur
847 1167 858 1178 .
898 1131 984 1178 Sed
1021 1132 1231 1179 nondum
1266 1134 1421 1179 omnis

121 1201 356 1250 'intercisa
386 1201 479 1269 spes
500 1201 697 1265 sobolis;
735 1203 848 1269 quin
868 1239 883 1259 ,
904 1217 1077 1269 quanto
1109 1203 1190 1249 illa
1226 1204 1418 1265 longin-

146 1277 280 1341 quius
301 1273 519 1319 ostentata
536 1310 551 1330 ,
579 1287 704 1320 tanto
726 1272 1038 1322 vehementius
1065 1276 1261 1342 expetita
1279 1309 1289 1320 .
1323 1273 1418 1325 Ubi

148 1360 300 1392 autem
328 1361 383 1390 eo
419 1359 607 1391 ventum
642 1346 730 1402 est,
763 1359 812 1389 ut
847 1362 990 1392 annus
1025 1344 1243 1393 secundus
1279 1343 1411 1412 supra

147 1412 413 1464 vicefimum
449 1429 660 1479 ageretur
691 1452 705 1473 ,
757 1433 810 1460 ex
849 1433 944 1482 quo
975 1414 1132 1461 frustra
1167 1413 1413 1462 clarissimo

145 1488 267 1550 Regi
296 1485 413 1532 filius
441 1484 758 1555 exposcebatur
790 1504 806 1549 3
846 1500 953 1533 tunc
988 1489 1225 1534 enimvero
1262 1487 1416 1534 Gallia

146 1555 354 1605 universa
388 1556 513 1624 quali
547 1555 796 1625 improviso
830 1559 920 1604 iclu
948 1558 1151 1625 perculsa
1180 1559 1414 1608 concidit:

148 1633 357 1676 animum
389 1627 665 1697 despondere
699 1647 710 1676 ε
763 1626 993 1696 desperare
1034 1630 1163 1677 rebus
1191 1629 1276 1676 fuis
1308 1668 1323 1688 ,
1365 1628 1416 1676 se

147 1699 354 1747 miseram
387 1716 522 1768 atque
552 1699 784 1748 infelicem
805 1737 820 1757 ,
850 1698 891 1747 se
923 1700 1057 1768 plane
1080 1702 1302 1770 perditam
1325 1738 1339 1758 ‚
1375 1699 1418 1747 se

145 1771 311 1840 superis
345 1772 558 1819 omnibus
591 1771 785 1820 invisam
820 1789 1083 1840 nuncupare
1105 1811 1116 1820 .
1146 1778 1255 1821 Non
1276 1773 1413 1819 illam

144 1841 420 1892 invidi-iffimi
451 1847 670 1912 Principis
696 1861 761 1889 res
792 1846 939 1907 gestae
959 1881 973 1902 ,
1009 1862 1102 1891 non
1134 1846 1252 1892 bella
1272 1883 1286 1903 ,
1314 1862 1416 1891 non

147 1913 368 1982 triumphi
398 1953 411 1973 ,
448 1932 542 1962 non
575 1929 875 1962 monumenta
915 1914 1263 1963 consolabantur
1300 1953 1310 1962 .
1345 1918 1419 1961 ln-

149 1986 354 2033 tuebatur
385 2002 479 2032 non
518 1984 607 2032 fine
651 1988 863 2050 lacrymis
899 1991 1076 2050 Regem
1108 1986 1269 2042 suum,
1311 1984 1420 2054 sup-

140 2058 288 2126 'plices
326 2055 533 2104 tendebat
569 2073 759 2114 manus,
799 2073 932 2122 atque
969 2075 1073 2104 eum
1111 2058 1419 2123 quodammo-

149 2128 208 2175 do
225 2152 250 2185 ,<
276 2129 401 2196 quod
425 2127 507 2176 fibi
537 2128 779 2176 haeredem
806 2145 1022 2193 negaret,
1060 2128 1261 2178 incusare
1293 2128 1421 2175 vide-

1257 2203 1385 2250 batur
1404 2219 1422 2266 ⁰>
