1934 2870
571 187 633 247 Ο
679 211 711 246 R
759 211 791 246 A
839 210 868 246 1·
915 212 937 247 1⁷
979 213 1044 249 o.
1360 214 1437 269 23

175 275 300 324 dines
337 270 538 319 Galliam
587 270 739 319 vidiffe
784 272 1068 320 arbitramini
1112 281 1128 320 ἒ
1168 272 1298 321 Nolo
1351 274 1442 323 hoc

174 348 280 395 loco
311 361 674 392 commemorare
694 383 710 402 ,
744 347 974 408 Qrstes,
1011 361 1181 413 quanta
1217 343 1338 393 hisce
1363 363 1442 393 an-

173 423 242 466 nis
286 432 438 462 rerum
474 419 684 464 omnium
734 433 828 464 tota
871 421 1053 487 Europa
1100 417 1216 466 faeta
1253 435 1445 464 conver-

173 487 235 535 fio
266 485 318 534 fit
344 525 358 545 ,
403 507 459 536 ne
489 525 503 547 ,
545 488 656 535 dum
705 490 875 537 Gallici
923 493 1109 559 Imperii
1155 508 1207 537 ac
1263 491 1442 538 Galliae

170 558 302 629 ipfius
332 559 597 608 felicitatem
617 561 813 621 extollo,
843 562 1134 630 reliquorum
1153 563 1438 632 populorum

172 634 428 692 cicatrices,
459 634 668 681 nondum
693 632 868 683 fortasse
889 635 1025 703 plane
1044 635 1281 693 obductas,
1314 653 1443 704 prae-

172 708 405 752 teritarum
436 706 731 755 acerbitatum
768 706 1083 756 recordatione
1115 707 1326 755 refricare
1368 709 1439 754 vi-

170 777 324 841 dear3
366 777 439 825 sed
485 792 637 825 tamen
687 795 857 847 quanta
909 796 1060 826 rerum
1105 782 1300 827 mutatio
1342 794 1437 826 tota
1507 819 1511 822 .

171 853 352 918 Europa
399 868 452 897 ac
502 851 739 899 conversio
791 852 956 898 exstitit
1003 859 1013 898 l
1061 853 1219 920 quanti
1269 851 1443 898 tumul-

171 937 238 968 tus
276 927 286 966 !
335 923 494 988 quanti
529 926 803 986 Regnorum
836 925 1043 970 interitus
1071 931 1082 970 !
1119 926 1198 990 qui
1231 939 1348 969 certe
1381 922 1438 970 fi-

170 1012 226 1040 ne
249 994 529 1062 populorum
559 997 767 1042 maxima
803 995 1058 1041 calamitate
1096 995 1177 1041 effe
1211 1013 1307 1041 non
1351 1013 1438 1063 po-

172 1081 353 1112 tuerunt
402 1083 411 1113 :
446 1083 597 1133 neque
638 1070 763 1116 enim
793 1070 833 1114 is
866 1105 881 1125 ,
928 1069 1007 1133 qui
1049 1069 1277 1135 imperat,
1312 1083 1440 1113 ruere

172 1139 349 1206 potest,
379 1140 492 1206 quin
528 1137 682 1186 secum
721 1157 796 1186 eos
829 1177 844 1196 ,
901 1138 1062 1204 quibus
1100 1142 1294 1206 imperat
1324 1176 1338 1194 ‚
1389 1141 1439 1184 in

172 1210 381 1256 eamdem
400 1213 653 1277 'perniciem
689 1227 825 1278 atque
858 1212 1046 1257 exitium
1070 1208 1215 1256 trahat
1238 1249 1248 1256 .
1277 1213 1441 1256 Intan-

172 1296 219 1327 to
245 1296 396 1328 autem
415 1295 544 1328 motu
563 1299 711 1330 rerum
730 1299 781 1328 ac
801 1281 1139 1350 perturbatione
1154 1320 1167 1339 ,
1206 1281 1302 1328 sola
1326 1281 1444 1328 -Gal-

172 1353 235 1399 lia
255 1356 304 1400 in
325 1351 508 1399 suorum
529 1357 715 1416 Regum
737 1354 823 1399 fide
846 1353 1257 1420 benevolentiaque
1277 1370 1443 1420 perpe-

172 1439 251 1470 tuo
270 1425 537 1492 conquievit
560 1460 572 1471 .
609 1424 741 1471 Vidit
770 1421 874 1471 sane
906 1422 1177 1471 miserrimas
1196 1422 1442 1471 funestissi-

171 1494 354 1563 masque
397 1510 688 1544 externorum
724 1513 978 1560 regnorum
1012 1495 1223 1542 orbitates
1252 1533 1267 1554 ‚
1302 1510 1440 1564 atque

171 1585 277 1615 eum
296 1569 416 1636 cepit
440 1570 596 1614 animo
616 1568 826 1617 dolorem
844 1606 858 1626 ,
892 1584 1030 1635 quem
1059 1567 1267 1614 homines
1286 1586 1338 1614 ex
1356 1567 1443 1614 ho·-

170 1643 351 1687 minum
368 1640 675 1688 incommodis
691 1658 851 1710 capere
873 1640 1002 1687 decet
1029 1657 1040 1688 :
1070 1638 1144 1687 sed
1172 1655 1298 1686 tanto
1334 1639 1444 1686 inde

172 1716 318 1774 major
344 1716 434 1774 ejus
463 1713 672 1782 voluptas
701 1713 784 1760 effe
815 1713 1001 1770 debuit,
1035 1728 1208 1779 quanto
1236 1711 1278 1759 se
1297 1715 1444 1774 majo·-

172 1787 210 1830 ri
244 1785 449 1852 periculo
481 1801 680 1855 ereptam
722 1784 854 1832 senfit
897 1803 948 1831 ac
980 1785 1216 1832 liberatam
1250 1802 1260 1832 ς
1295 1801 1443 1852 quan·-

171 1855 420 1922 doquidem
441 1855 662 1904 secundae
679 1875 745 1904 res
767 1856 858 1905 fere
879 1876 931 1903 ex
953 1861 1251 1904 contentione
1263 1858 1409 1919 magis
1424 1893 1440 1912 ,

173 1944 313 1996 quam
350 1928 467 1995 ipsae
511 1946 592 1996 per
618 1928 704 1976 sese
735 1931 1104 1994 cognoicuntur.
1138 1929 1309 1975 Extulit
1337 1927 1443 1993 qui-

173 2000 276 2047 dem
313 2000 495 2045 multos*
522 2004 670 2064 Reges
691 2039 705 2058 ,
740 2001 864 2068 quod
900 2000 1070 2047 necesse
1111 1998 1198 2046 fuit
1233 2002 1282 2045 in
1314 2014 1438 2044 tanta

174 2071 466 2118 diuturnitate
503 2073 722 2139 Imperii,
760 2089 1010 2138 eorumque
1064 2069 1196 2117 funus
1229 2070 1443 2117 omnibus

175 2142 346 2190 doloris
363 2142 796 2208 lignificationibu-S,
832 2146 896 2191 uti
914 2159 997 2212 par
1016 2157 1136 2201 erat,
1170 2140 1453 2211 prosequuta.

1348 2215 1407 2260 est
1429 2228 1440 2259 z
