1934 2870
484 274 558 316 10
877 248 938 311 Ο
985 276 1018 313 R
1063 274 1097 311 A
1142 276 1171 312 τ
1217 275 1235 313 1
1279 277 1344 313 0.

470 339 543 387 dia
582 350 844 385 convertere
870 336 1056 385 liceret:
1096 336 1482 395 hoc‚immortali
1501 338 1589 384 Dei
1606 335 1741 407 ipfius

476 410 734 468 beneficio,
772 428 878 457 cum
909 407 1089 456 summo
1128 424 1262 477 atque
1306 409 1563 456 incredibili
1603 412 1739 456 totius

472 481 719 529 Christiani
749 484 947 529 nominis
981 481 1152 545 gaudio
1190 519 1205 540 ,
1262 479 1608 529 cumulatissime
1655 498 1737 527 nos

476 553 558 601 esse
587 553 887 622 consequutos
906 591 920 611 ‚
952 557 1052 616 jure
1080 557 1257 622 optimo
1287 553 1512 622 poffumus
1541 553 1743 617 gratula-

477 628 515 671 ri
543 662 554 673 .
593 628 815 674 Exstincta
852 627 912 672 est
945 626 1136 672 exitialis
1175 643 1226 672 ac
1260 624 1380 672 foeda
1407 626 1489 671 illa
1521 623 1742 682 flamma,

473 715 589 764 quae
603 713 744 746 totam
766 702 994 766 Europam
1017 695 1209 766 pervasit
1225 733 1239 754 ‚
1277 700 1485 765 atqueita
1505 697 1743 754 exstincta,

474 785 522 814 ut
557 768 681 817 brevi
712 786 916 838 tempore
960 769 1091 816 nulla
1135 770 1325 815 maximi
1373 766 1742 835 funestiffimique

474 841 679 887 incendii
720 843 909 905 vestigia
945 838 1096 887 futura
1123 838 1235 886 fint.
1273 844 1386 886 Non
1412 843 1507 902 jam
1546 840 1742 909 amplius

473 912 721 961 militarem
750 914 987 961 licentiam
1019 927 1155 979 atque
1183 910 1424 958 libidinem
1445 947 1459 968 ,
1489 927 1585 957 non
1604 928 1742 976 agro-

473 1000 577 1030 rum
618 986 888 1030 vastationes
924 1020 938 1040 ,
993 1000 1087 1029 non
1122 983 1396 1051 direptiones
1433 982 1742 1050 oppidorum,

473 1072 570 1102 non
590 1070 763 1102 caetera
784 1055 891 1102 belli
920 1053 1217 1100 incommoda
1244 1052 1605 1121 pertimescemus
1627 1090 1636 1100 .
1664 1058 1740 1116 Ja-

470 1128 574 1172 ‹stati
607 1126 751 1190 longa
777 1123 1120 1194 periculosaque
1155 1125 1412 1192 tempestate
1433 1161 1447 1182 ,
1487 1142 1539 1170 ea
1558 1123 1629 1193 spe
1644 1130 1740 1189 jam

470 1213 654 1265 portum
675 1196 858 1260 ingressi
876 1195 1027 1243 sumus
1043 1233 1058 1253 ,
1098 1212 1146 1243 ut
1172 1197 1288 1243 nulli
1308 1194 1491 1264 posthac
1513 1200 1637 1244 venti
1658 1215 1740 1244 nos

463 1267 572 1315 inde
601 1267 859 1315 abstractuti
879 1266 961 1313 sint
979 1305 994 1325 ‚
1032 1267 1193 1334 quibus
1213 1271 1379 1315 iterum
1398 1271 1446 1314 in
1464 1268 1609 1315 altum
1631 1286 1739 1337 pro-

467 1340 690 1387 vehamur
716 1376 730 1397 ‚
770 1336 992 1405 novisque
1028 1338 1280 1385 turbinibus
1320 1356 1373 1385 ac
1407 1340 1738 1407 tempestatibus

458 1409 658 1475 jactandi
691 1410 1007 1478 obruendique
1043 1410 1314 1472 objiciamur
1342 1448 1353 1458 .
1405 1413 1529 1457 Nam
1559 1448 1573 1468 ,
1612 1411 1738 1478 quod

463 1500 560 1529 non
594 1480 742 1528 solum
773 1482 828 1529 ad
860 1481 1063 1528 tollenda
1099 1482 1208 1528 belli
1243 1478 1450 1538 diffidia,
1488 1480 1562 1528 sed
1598 1485 1737 1531 etiam

463 1554 520 1600 ad
535 1553 850 1601 stabiliendam
872 1553 1324 1620 confirmandamque
1349 1552 1733 1619 quamdiutiffime

463 1643 626 1694 pacem
660 1642 972 1694 opportunum
1009 1629 1235 1682 maxime,
1272 1639 1408 1692 atque
1442 1623 1555 1671 adeo
1586 1626 1737 1673 neces-

461 1695 630 1745 sarium
667 1697 901 1744 videbatur
929 1734 944 1756 ,
980 1697 1029 1744 id
1062 1713 1247 1764 quoque
1279 1696 1408 1744 nobis
1443 1712 1468 1741 a
1497 1701 1599 1743 Deo
1635 1697 1733 1767 ipso

463 1767 620 1836 sponte
649 1768 804 1816 datum
835 1785 968 1836 atque
995 1770 1200 1816 oblatum
1231 1770 1322 1816 est.
1363 1768 1577 1816 Vidimus
1608 1773 1733 1819 enim

461 1843 679 1909 proximis
711 1839 830 1887 hisce
866 1844 994 1888 annis
1032 1838 1377 1887 clarissimorum
1414 1845 1602 1904 Regum
1636 1840 1731 1889 for-

462 1926 618 1959 tunata
665 1912 894 1959 connubia
928 1950 942 1970 ,
991 1931 1043 1959 ex
1083 1911 1224 1980 iisque
1263 1910 1508 1981 susceptam
1549 1914 1729 1980 prolem

463 1985 675 2031 omuibus
694 1984 890 2031 laetitiae
922 1982 1323 2048 significationibus
1359 1982 1620 2052 prosequuti
1657 1982 1728 2031 su-

456 2072 580 2106 mus.
601 2060 651 2103 Et
671 2059 839 2103 merito
870 2055 1055 2123 quidem
1080 2093 1091 2103 .
1125 2060 1338 2122 Namque
1358 2054 1474 2102 illud
1495 2069 1628 2122 caput
1662 2056 1724 2102 est

449 2142 705 2190 ‘regnorum
735 2127 961 2175 felicitatis
982 2165 996 2185 ,
1035 2144 1083 2174 ut
1104 2132 1250 2192 Reges
1272 2126 1471 2191 Regibus
1508 2126 1721 2188 legitimo

449 2199 548 2259 jure
589 2198 865 2248 succedant:
905 2217 996 2268 qua
1026 2217 1115 2247 una
1145 2201 1341 2267 maxime
1378 2213 1436 2246 ex
1461 2212 1508 2242 re
1542 2196 1720 2263 reliqua

1560 2283 1718 2317 omma
