1934 2870
529 195 594 256 O
636 222 668 258 R
716 221 749 257 A
794 222 824 257 r
870 222 888 258 1
933 225 1000 260 o.
1320 222 1393 278 35

134 278 425 341 Armandus,
462 289 508 330 &
541 285 819 330 Contiorum
856 287 962 330 Dux
995 285 1168 352 primus
1205 284 1397 334 laudum

132 360 311 408 suarum
346 369 646 402 monumenta
691 355 937 423 posteritati
983 356 1167 425 reliquit
1207 366 1222 405 ἓ
1280 361 1407 406 Nam

131 444 353 498 quantum
381 426 437 474 ad
455 426 623 474 Gallici
644 429 829 495 Imperii
858 429 1066 492 regimen
1095 430 1402 478 Aurelianen-

127 501 190 549 ses
225 505 376 548 Duces
408 497 513 546 faeti
547 499 889 568 compararique
920 497 1003 546 lint
1037 539 1051 559 ‚
1092 499 1191 549 satis
1227 500 1280 548 ex
1309 520 1398 559 eo,

127 574 210 641 qui
245 572 396 619 nostra
434 573 690 629 memoria,
724 572 822 639 post
852 571 1076 620 Ludovici
1114 577 1283 638 Magni
1316 574 1397 621 de·-

128 643 293 693 ceffum
326 642 502 691 summa
531 642 617 690 fide
649 658 783 710 atque
821 645 1082 707 integritate
1109 646 1288 693 Galliae
1307 650 1401 695 Re-

126 734 276 784 gnum
307 715 671 772 administravit,
703 717 854 782 quivis
888 716 1121 782 intelligat
1142 754 1152 764 .
1184 721 1237 765 Et
1276 716 1401 786 quis-

125 787 268 857 quam
296 789 382 834 erit
413 825 427 845 ‚
481 790 562 856 qui
591 802 657 833 tot
685 785 1055 856 praeclariffimos
1089 806 1142 835 ac
1170 791 1400 857 praestan-

125 858 310 908 tiffimos
336 864 489 907 Duces
536 858 795 906 incredibili
836 859 1032 926 quadam
1091 875 1228 928 atque
1265 864 1399 909 inau-

123 932 218 979 dita
254 934 423 980 virtute
455 930 712 999 praeditos,
745 928 994 978 clariffimis
1034 932 1286 993 Majoribus
1325 949 1397 979 or·
1439 938 1443 942 '

124 1018 224 1062 tos,
253 1012 331 1060 δε,
362 1002 487 1069 quod
521 1004 821 1070 praecipuum
855 1003 948 1059 est,
986 1020 1039 1048 ex
1078 1006 1401 1052 BoRssomA

121 1074 216 1144 ipsa
242 1076 375 1142 stirpe
403 1090 456 1120 ac
483 1090 653 1138 genere
677 1089 806 1119 natos
826 1110 840 1130 ‚
870 1074 1054 1120 Gallico
1079 1077 1280 1143 Imperio
1309 1077 1399 1123 mi-

121 1164 205 1194 nus
238 1146 428 1193 idoneos
460 1162 486 1191 a
517 1163 590 1191 me
626 1145 871 1191 existimari
908 1143 1176 1213 suspicetur?
1265 1164 1398 1195 uam-

123 1235 265 1285 quam
295 1215 409 1282 quid
445 1216 580 1283 plura
615 1216 824 1279 colligo?
853 1216 1041 1282 perinde
1073 1214 1197 1283 quasi
1235 1235 1331 1266 non
1361 1222 1400 1267 is

122 1287 226 1335 effer
267 1284 444 1332 exorsus
480 1289 698 1334 orationis
733 1302 862 1333 meae
888 1324 903 1344 ‚
937 1302 1071 1355 atque
1101 1287 1316 1337 hactenus
1346 1293 1397 1339 in

121 1377 179 1406 eo
215 1359 416 1405 multum
452 1375 548 1404 non
587 1358 890 1405 laboraverim
916 1394 929 1414 ,
970 1374 1019 1405 ut
1058 1359 1269 1408 docerem
1294 1400 1307 1420 ,
1348 1366 1400 1411 in

119 1430 205 1478 hac
251 1426 345 1497 ipsa
394 1427 654 1475 admirabili
703 1446 756 1474 ac
787 1428 921 1496 plane
959 1427 1178 1493 singulari
1219 1436 1394 1496 Regia-

121 1519 224 1549 rum
244 1504 292 1548 in
306 1499 458 1546 Gallia
479 1501 687 1568 stirpium
703 1502 1037 1568 propagatione
1057 1502 1236 1549 Galliae
1258 1502 1394 1572 ipsius

119 1572 384 1621 felicitatem
411 1568 539 1619 sitam
571 1570 653 1618 effe
686 1589 739 1618 ac
769 1572 1044 1620 collocatam
1063 1609 1074 1620 .
1111 1578 1188 1621 Do
1216 1578 1392 1639 igitur,

120 1645 246 1713 quod
279 1644 449 1700 vultis,
486 1661 582 1691 non
622 1642 883 1702 contendo,
921 1662 1017 1691 non
1061 1662 1303 1715 repugno,
1343 1658 1389 1697 &

120 1716 254 1764 facile
289 1718 437 1784 patior
457 1752 471 1773 ,
505 1734 579 1763 me
607 1734 662 1762 eo
682 1754 696 1774 ,
735 1717 855 1763 unde
885 1717 1093 1784 paullum
1115 1719 1389 1776 ,necessaria

121 1790 311 1836 recentis
332 1787 536 1835 Gallicae
554 1787 782 1835 felicitatis
813 1793 1253 1836 commemoratione
1272 1829 1283 1850 ,
1319 1791 1388 1838 di-

118 1859 284 1926 greffus
319 1875 442 1907 eram
478 1897 492 1918 ‚
545 1878 570 1908 a
604 1860 732 1908 vobis
769 1857 894 1907 fuisse
935 1863 1198 1908 revocatum
1236 1900 1247 1910 .
1305 1862 1389 1909 Sed

118 1948 237 1980 certe
268 1945 331 1977 ita
363 1929 477 1978 mihi
509 1930 785 2000 persuadeo,
824 1930 993 1999 vosque
1027 1932 1147 1979 idem
1168 1971 1182 1991 ,
1221 1937 1385 1992 Quiri-

118 2019 180 2052 tes
207 2041 221 2062 ,
275 2003 526 2049 existimare
562 2002 731 2049 neceffe
762 2004 823 2050 est
857 2040 871 2061 ,
920 2004 974 2050 de
1013 2001 1097 2049 hac
1130 2004 1221 2073 ipsa
1258 2021 1382 2052 tanta

119 2076 295 2123 Galliae
313 2071 527 2121 felicitate
544 2072 818 2121 immensum
838 2074 1056 2142 quiddam
1074 2075 1352 2124 decessurum
1366 2115 1380 2135 ‚

121 2145 153 2194 si
189 2165 244 2195 eo
282 2163 347 2193 res
378 2146 707 2195 adducerentur
732 2183 746 2203 ,
802 2162 850 2192 ut
888 2146 944 2194 ad
979 2164 1195 2214 cognatas
1236 2151 1390 2216 stirpes

743 2221 777 2264 E
818 2237 843 2264 2
1282 2222 1386 2268 effet
