1934 2870
422 276 508 333 30
820 253 882 316 O
929 280 961 316 R
1009 282 1042 314 A
1088 276 1118 314 τ
1165 278 1181 315 1
1227 279 1262 316 o
1281 298 1293 314 .

419 357 563 410 quam
590 338 645 387 de
674 341 853 389 summa
881 343 1066 411 Imperii
1087 379 1101 399 ,
1129 341 1255 410 quod
1280 341 1331 386 in
1358 332 1599 387 discrimen
1625 335 1701 384 ad*

413 415 658 461 duceretur
680 452 693 473 2
720 414 1028 479 dimicatum3
1057 412 1132 461 sed
1164 413 1256 462 fere
1284 413 1427 478 longe
1463 412 1520 460 ab
1560 410 1703 459 dom-o

412 502 467 532 ac
501 490 657 550 Regni
687 488 1055 557 propugnaculis
1084 487 1305 536 bellatum
1334 487 1396 534 est
1416 523 1432 544 ,
1460 494 1505 534 δε
1534 499 1697 554 quam·-

414 556 660 627 saepissime
679 561 957 608 debellatum
975 597 987 608 .
1023 562 1146 608 Vidn
1175 557 1503 629 profligatique
1524 557 1701 613 hostesg

415 629 563 696 fugati
597 636 816 681 exercitus
847 671 862 691 ,
897 632 1021 681 caesa
1055 636 1245 698 agmina
1277 671 1292 691 ,
1327 649 1449 679 arces
1489 630 1700 686 dirutae,

414 719 571 773 captae
608 706 734 753 urbes
753 743 766 764 ‚
800 705 971 775 oppida
1010 722 1223 774 recepta,
1255 706 1529 774 provinciae
1557 705 1606 749 in
1627 700 1700 747 di-

414 779 589 823 tionem
627 779 986 845 potestatemque
1020 776 1223 824 redacstae
1262 814 1278 835 ‚
1332 780 1555 841 Regnum
1590 773 1704 821 dita-

412 863 512 895 tum
550 849 744 917 opibus,
775 853 981 919 potentia
1019 852 1291 918 proveetum
1318 884 1333 905 ,
1375 844 1701 895 acceffionibus

414 920 781 988 amplificatum3
815 922 984 991 ubique
1019 922 1228 969 Gallicae
1256 924 1437 968 virtutis
1473 937 1524 967 ac
1547 918 1700 966 felici-

414 994 514 1038 tatis
548 1007 734 1060 tropaea
765 1011 862 1040 non
891 994 948 1040 ad
982 994 1140 1057 exigui
1159 993 1556 1062 praedicationem
1586 1004 1700 1037 tem-

413 1065 537 1132 p0ris
559 1100 573 1122 ‚
605 1064 681 1110 sed
715 1063 770 1112 ad
804 1063 1068 1113 futurorum
1102 1063 1391 1112 saeculorum
1420 1064 1699 1111 memoriam

412 1134 735 1203 sempiternam
768 1138 1012 1189 constituta
1044 1175 1055 1185 .
1097 1138 1283 1204 Atque,
1313 1151 1362 1184 ut
1399 1154 1497 1184 non
1535 1136 1698 1183 omnia

413 1205 676 1265 consecter,
707 1224 857 1275 neque
887 1224 1042 1255 tamen
1073 1212 1234 1255 omnia
1267 1208 1448 1256 filenrio
1486 1223 1695 1276 premere

411 1296 464 1327 ac
482 1280 727 1348 praeterire
747 1279 905 1327 videar
926 1318 940 1338 ,
966 1283 1193 1349 poteritne
1213 1280 1308 1326 ulla
1328 1296 1552 1348 umquam
1577 1294 1701 1325 aeta-

414 1367 453 1398 te
483 1350 781 1399 celeberrima
818 1351 900 1399 illa
937 1370 991 1399 ac
1021 1352 1166 1418 longe
1202 1348 1444 1400 clariffima
1471 1351 1695 1400 Ludovici

411 1425 582 1486 Magni
609 1427 826 1471 Batavica
863 1424 1094 1492 expeditio
1130 1422 1420 1471 oblitterari!
1451 1425 1699 1492 Obstupuit

411 1497 650 1541 enimvero
685 1509 796 1541 tunc
825 1499 1008 1564 Europa
1031 1494 1268 1552 universa,
1300 1512 1409 1543 cum
1441 1513 1507 1543 res
1528 1510 1697 1553 tantas,

412 1579 507 1613 tam
539 1582 762 1629 magnas,
792 1581 885 1613 tam
920 1567 1114 1614 illustres
1136 1605 1150 1626 ,
1183 1581 1276 1615 tam
1296 1567 1554 1626 inauditas,
1592 1583 1694 1615 tan-

413 1654 456 1685 ta
491 1654 676 1706 tamque
706 1638 969 1687 incredibili
994 1639 1211 1689 felicitate
1238 1657 1293 1688 ac
1321 1641 1551 1688 celeritate
1579 1658 1695 1687 con-

411 1709 546 1757 f'ed'tas
578 1709 782 1758 audivit.
818 1711 1148 1781 Obstupescent
1173 1728 1292 1761 certe
1322 1714 1489 1781 posteri
1509 1730 1694 1770 omnes,

411 1800 518 1830 cum
547 1797 614 1828 tot
644 1800 876 1831 connexos
910 1786 1108 1833 victoriis
1140 1784 1472 1855 triumphisque
1504 1786 1596 1832 dies
1633 1786 1698 1831 le-

408 1870 522 1920 gent
542 1891 556 1912 ,
582 1852 1044 1926 ἷεςυῐηςυείὶειτυεῃτ
1063 1896 1078 1916 ,
1106 1872 1174 1904 tot
1202 1858 1257 1905 ab
1288 1876 1381 1906 uno
1405 1862 1535 1922 Rege
1556 1897 1568 1917 ,
1602 1874 1696 1904 uno

412 1942 618 1995 tempore
635 1965 650 1985 ,
689 1946 784 1977 uno
809 1927 917 1977 belli
935 1933 1110 2000 impetu
1127 1931 1363 1999 praeclara
1384 1946 1559 1998 patrata
1587 1927 1697 1977 fuis-

412 1997 455 2045 se
491 1998 698 2047 facinora
718 2038 733 2059 ‚
766 2016 880 2070 quot
918 2001 1122 2072 profeeio
1151 2020 1248 2051 non
1277 2003 1334 2050 ad
1372 2005 1506 2051 unius
1537 2004 1691 2065 Regni

409 2085 544 2139 atque
564 2075 751 2141 Imperii
774 2112 788 2132 ,
819 2072 894 2120 sed
922 2075 979 2122 ad
1008 2078 1220 2123 omnium
1249 2093 1392 2144 prope
1413 2079 1689 2139 Regnorum

408 2157 547 2211 arque
576 2147 882 2214 Imperiorum
922 2144 1189 2197 felicitatem
1221 2147 1539 2199 stabiliendam
1575 2163 1690 2196 con-

407 2215 775 2288 stituendamque
806 2216 1064 2269 sufficerent
1079 2258 1091 2274 .

1546 2286 1688 2358 rot
