1934 2870
472 291 503 334 v1
548 287 552 291 ‘
864 265 925 327 O
972 289 1004 326 R
1052 290 1085 326 A
1121 289 1159 325 'T
1206 288 1223 325 1
1270 295 1336 328 o.

464 290 588 402 (1ὶὲιο
628 349 859 400 audientes
893 388 909 409 ,
963 347 1260 399 ornatisfimas
1300 346 1737 418 instrufflffimasque‘

465 423 617 472 classes
646 432 690 471 δε
719 425 869 492 copias
887 459 902 480 ,
940 423 1105 490 quibus
1135 431 1179 470 δε
1203 422 1385 492 possessa
1414 425 1557 481 tueri,
1584 431 1629 471 δε
1649 439 1738 468 no-

465 514 524 546 va
556 498 825 563 acquirere,
863 503 907 542 δε
949 494 1097 541 ablata
1128 511 1390 564 recuperare
1425 492 1591 563 poffit,
1631 510 1734 540 ma·

463 571 588 617 xima
644 566 890 631 vestigalia.
945 564 1176 634 certosque
1230 566 1395 614 reditus
1429 603 1444 624 ,
1493 569 1572 633 qui
1608 568 1737 612 nervi

465 638 746 708 reipublicae
777 637 860 685 esse
879 637 1123 695 dicuntur,
1161 637 1358 706 denique
1380 676 1393 696 ³
1426 638 1551 705 quod
1569 638 1738 705 ampli-

462 710 637 760 tudinis
668 711 731 758 est
751 747 765 768 ‚
804 710 1029 757 ditionem
1070 709 1211 773 longe
1239 711 1420 777 lateque
1449 708 1653 756 diffusam
1684 724 1738 754 ac

466 797 771 853 propagatam
804 818 815 829 .
854 785 988 844 Qae
1023 785 1213 839 omnia,
1252 797 1385 848 atque
1421 783 1511 827 alia
1548 782 1691 828 multa
1722 815 1737 837 ‚

465 870 585 921 quae
622 853 698 901 hic
731 850 942 900 consulto
974 867 1209 920 praetereo
1239 889 1253 909 2
1291 868 1430 918 quam
1467 851 1644 899 summa
1686 855 1736 897 in

467 925 653 972 Gallico
687 926 888 994 Imperio
920 920 1035 980 fint,
1074 932 1118 970 ὃς
1144 922 1355 970 haetenus
1395 921 1597 981 fuerint,
1637 923 1737 989 quis

467 996 666 1043 vestrum
698 997 790 1052 est,
828 996 1063 1056 thes,
1102 997 1182 1060 qui
1212 1010 1290 1040 aut
1314 1009 1499 1062 propter
1514 992 1737 1041 florentis-

466 1064 568 1114 suni
598 1069 730 1131 regni
760 1067 1041 1113 vicinitatem
1072 1063 1273 1133 praesens
1306 1083 1402 1111 non
1432 1065 1625 1120 viderit„
1653 1079 1732 1111 aut

466 1152 651 1207 propter
707 1153 859 1183 rerum
915 1133 1085 1182 famam
1129 1155 1182 1182 ac
1235 1136 1540 1183 celebritatem
1582 1135 1734 1183 absens

466 1210 793 1272 noncognorit
825 1213 840 1252 ?
886 1210 1010 1254 Nam
1054 1216 1098 1254 δε
1130 1207 1361 1254 Gallicum
1397 1210 1646 1276 Imperium
1683 1211 1734 1254 in

460 1277 560 1346 ipso
580 1276 926 1345 quodammodo
956 1283 1161 1346 Europae
1207 1276 1306 1324 smu
1340 1296 1391 1325 ac
1420 1282 1600 1343 gremio
1634 1279 1735 1325 col-

462 1350 670 1397 locatum
714 1350 776 1397 est
815 1386 830 1407 ,
884 1356 928 1396 «Sc
984 1350 1172 1396 alluitur
1229 1352 1397 1407 mari,
1448 1359 1493 1398 ὃς
1539 1350 1734 1419 Alpium

469 1422 596 1468 vallo
649 1421 703 1468 ab
740 1422 868 1467 Italia
899 1457 913 1476 ,
951 1429 995 1467 &
1032 1419 1183 1467 Rheni
1219 1419 1328 1467 foffa
1365 1422 1446 1467 illa
1477 1423 1734 1485 gurgitibus

465 1491 749 1538 redundante
802 1509 827 1539 a
880 1492 1129 1537 Germania
1163 1490 1500 1538 disterminatur
1540 1510 1551 1539 :
1609 1508 1734 1539 tanta

465 1562 560 1610 loci
597 1564 935 1631 opportunitate
963 1600 978 1619 ,
1018 1578 1099 1618 ut,
1138 1579 1244 1608 cum
1281 1561 1538 1627 longiffime
1577 1562 1733 1612 latiffi-

464 1651 631 1700 meque
657 1648 838 1702 pateat,
876 1631 1111 1680 hostilibus
1145 1649 1298 1680 tamen
1331 1633 1589 1702 infestisque
1624 1636 1729 1682 fini·-

463 1709 682 1752 timarum
725 1706 932 1769 gentium
966 1702 1295 1753 incursionibus
1339 1707 1614 1753 obstruitum
1653 1725 1734 1775 pe-

465 1779 585 1824 nitus
623 1791 757 1845 atque
794 1774 1091 1824 interclusum
1126 1774 1178 1822 fit
1209 1815 1221 1824 .
1269 1782 1378 1840 Qo
1410 1776 1578 1825 faCtum
1614 1776 1731 1836 fuit,

466 1862 548 1906 ut,
585 1864 680 1894 non
704 1845 786 1895 nisi
819 1865 952 1912 aegre
992 1865 1043 1894 ac
1081 1845 1256 1896 summa
1289 1867 1396 1896 cum
1432 1847 1730 1908 difficultate,

459 1919 579 1967 olim
615 1936 670 1965 eo
705 1922 1026 1967 Romanorum
1063 1936 1187 1967 arma
1221 1923 1530 1988 penetrarinr‚
1568 1930 1612 1968 ὃς
1635 1926 1728 1970 Ro-

465 1993 591 2038 mani
610 1988 689 2058 ipsi
718 1990 903 2036 aGallis
936 2008 1030 2037 non
1056 2008 1159 2038 raro
1185 1990 1300 2059 pulsi
1326 1990 1610 2060 superatique
1629 1991 1728 2038 fue-

463 2064 555 2108 rint
591 2099 605 2119 ,
661 2068 704 2108 &
737 2078 947 2130 praeceps
983 2064 1062 2109 ille
1099 2061 1397 2131 incitatusque
1436 2067 1727 2112 victoriarum

460 2133 611 2179 cursus
637 2131 764 2200 saepe
801 2132 1012 2201 repreffus
1042 2131 1094 2178 sit
1127 2152 1179 2180 ac
1210 2135 1453 2182 retardatus
1472 2171 1484 2182 .
1521 2133 1615 2201 lpsa
1645 2153 1725 2181 ve-

458 2219 511 2250 ro
538 2202 687 2251 forma
720 2207 919 2270 regionis
949 2220 1092 2273 quam
1121 2206 1428 2271 dignitatem,
1464 2221 1605 2272 quam
1627 2203 1726 2272 spe-

1605 2293 1723 2324 ciem
