1934 2870
460 293 536 350 32
853 272 917 334 O
967 298 999 335 R
1047 298 1078 335 A
1127 296 1157 335 T
1203 297 1220 335 1
1267 301 1301 336 o
1322 320 1335 335 .

454 375 627 423 genere
661 357 812 406 referti
835 359 1043 428 quotidie
1072 380 1095 408 e
1129 360 1282 408 Gallia
1313 358 1369 407 ad
1399 375 1481 407 nos
1501 356 1749 428 perfetum-'⁷

456 446 558 478 tur.
594 431 713 479 Illud
751 449 894 491 vero,
926 451 1020 501 quo
1041 431 1162 481 nihil
1200 449 1317 480 certe
1354 436 1403 480 in
1433 436 1564 480 omni
1604 431 1744 479 histo-

454 507 523 550 ria
565 520 774 552 occurret
809 505 1061 566 illustrius,
1102 506 1228 574 quod
1247 506 1377 554 nulla
1408 522 1631 574 umquam
1665 503 1743 550 de-

455 575 566 623 lebit
584 577 762 625 oblivio
784 614 798 635 ‚
821 577 948 647 quod
971 580 1145 627 litterae
1167 597 1327 627 omnes
1350 576 1523 649 semper
1545 579 1743 644 loquen-

453 662 527 695 tur
555 667 607 695 ac
632 650 997 719 praedicabunt,
1036 651 1152 700 sileri
1174 670 1199 698 a
1218 670 1290 699 me
1327 669 1379 698 ac
1403 651 1638 721 praeteriri
1656 649 1738 715 qui

453 725 624 789 poterit
642 729 655 768 ?
671 728 795 772 Nam
819 763 832 783 ,
853 740 1076 793 quantum
1103 727 1268 793 putatis
1287 741 1382 770 non
1405 740 1497 771 tam
1530 723 1588 769 ad
1606 737 1735 768 com·-

448 809 642 840 munem
662 795 908 843 hominum
931 798 1176 843 utilitatem
1199 834 1213 853 ,
1241 813 1382 863 quam
1400 796 1458 843 acl
1476 797 1733 842 litterarum

446 864 647 934 ipsarum
666 867 801 916 decus
820 867 1056 917 contulisse
1076 869 1207 916 illam
1233 869 1423 915 alteram
1436 906 1451 927 ,
1466 867 1617 915 nihilo
1636 882 1732 912 cer-

448 952 490 984 te
520 942 670 988 minus
706 978 720 998 ,
757 939 833 988 etfi
872 940 1051 989 diverso
1087 945 1136 989 in
1173 958 1340 1006 genere
1371 979 1386 998 ,
1436 943 1591 1009 priore
1619 975 1633 995 ,
1673 934 1730 985 de

447 1027 539 1076 qua
572 1010 698 1069 dixi,
738 1013 961 1060 illustrem
992 1030 1126 1081 atque
1160 1016 1374 1060 omnium
1409 1030 1487 1058 ore
1528 1010 1732 1058 celebra-

445 1094 539 1127 tam
568 1082 904 1151 expeditionem
926 1122 941 1143 ,
979 1102 1004 1131 a
1038 1090 1284 1133 Luoovico
1313 1087 1513 1132 Decimo
1547 1084 1728 1146 Qinto

446 1156 575 1217 regia
602 1155 738 1222 plane
775 1157 1088 1204 munificentia
1127 1174 1179 1204 ac
1217 1157 1491 1203 liberalitate
1525 1154 1725 1201 adorna-

445 1238 538 1270 tam
558 1262 572 1282 ‚
612 1241 748 1293 atque
779 1245 804 1274 a
832 1228 1003 1275 delecta
1024 1229 1270 1276 Gallorum
1300 1246 1442 1276 manu
1471 1231 1521 1274 in
1543 1227 1724 1274 ultimas

444 1297 565 1344 orbis
600 1312 741 1343 terrae
776 1314 954 1367 partes,
991 1301 1046 1348 ad
1081 1316 1222 1347 terrae
1254 1298 1389 1368 ipsius
1407 1300 1606 1363 figuram
1633 1297 1725 1345 for-

443 1385 662 1437 mamque
700 1370 1009 1420 definiendam
1050 1411 1065 1432 ,
1113 1372 1373 1420 incredibili
1410 1372 1641 1419 alacritate
1670 1387 1726 1417 ac

445 1443 612 1488 virtute
643 1441 925 1510 susceptam?
962 1448 1024 1490 Ea
1059 1444 1195 1512 plane
1232 1442 1459 1491 ostensum
1493 1445 1585 1500 est,
1624 1458 1722 1489 non

442 1516 613 1573 majore
651 1514 942 1581 propagandi
973 1518 1193 1584 Imperii,
1232 1533 1373 1583 quam
1406 1516 1630 1563 bonarum
1649 1530 1722 1560 ar-

441 1586 559 1631 tium
597 1585 1027 1653 amplificandarum
1055 1588 1205 1635 studio
1240 1588 1394 1635 ardere
1423 1587 1616 1651 Gallos;
1655 1600 1722 1633 atu

438 1673 538 1723 que,
564 1659 614 1703 in
647 1658 824 1704 incerto
841 1659 1050 1707 reliCmm
1071 1697 1086 1718 ,
1121 1675 1219 1709 utra
1247 1659 1380 1709 laude
1395 1661 1615 1728 praestare
1646 1658 1718 1704 di-

438 1728 573 1775 cendi
603 1726 718 1788 fint,
760 1733 840 1798 qui
873 1747 1061 1799 utraque
1092 1729 1520 1780 commendatissimi
1553 1749 1606 1778 ac
1635 1749 1718 1777 cu·-

439 1799 726 1848 mulatissimi
766 1806 1076 1871 reperiantur.
1117 1809 1209 1852 Hic
1241 1806 1332 1864 est,
1372 1800 1717 1872 quambreviffi-

436 1890 510 1919 me
541 1891 593 1919 ac
622 1871 874 1942 parciffime
895 1879 1045 1944 potuit
1062 1914 1077 1935 ,
1105 1880 1312 1925 oratione
1334 1894 1436 1924 mea
1462 1878 1715 1946 perstridms

433 1962 488 1991 ac
525 1945 668 1992 veluti
710 1947 1000 1996 adumbratus
1035 1949 1240 2018 praesens
1279 1967 1431 1997 rerum
1471 1953 1521 1996 in
1561 1949 1715 1996 Gallia

435 2018 569 2064 status
586 2056 600 2075 ,
630 2016 744 2066 haec
762 2017 926 2067 florens
945 2038 996 2067 ac
1019 2021 1145 2069 beata
1164 2019 1406 2070 feliciffimi
1423 2023 1578 2086 Regni
1597 2038 1710 2067 con-

429 2089 579 2138 ditio,
620 2094 761 2138 Porro
794 2095 842 2139 in
880 2096 1012 2140 tantis
1039 2098 1227 2163 Imperii
1262 2095 1456 2165 opibuS,
1492 2106 1613 2141 tanta
1634 2110 1710 2138 co·-

430 2163 507 2227 pia
540 2200 554 2218 ,
592 2178 717 2210 tanto
753 2163 992 2231 splendore
1028 2206 1041 2225 ,
1079 2183 1206 2215 tanto
1246 2182 1464 2236 apparatu
1499 2162 1710 2212 fortunae

429 2249 587 2284 nonne
622 2234 951 2304 optatissimum
971 2243 1270 2310 maximoque
1289 2256 1425 2312 opere
1443 2238 1708 2288 laetandum

1607 2327 1704 2362 exh
