1934 2870
585 190 647 250 O
693 216 727 250 R
774 214 806 250 A
853 213 881 250 T
929 215 962 250 1·
992 218 1025 252 o
1046 235 1060 251 .
1382 215 1451 270 13

191 283 271 330 ‘vos
300 278 456 333 decet,
495 292 568 323 me
585 276 639 322 de
654 273 967 322 florentiffimo
987 281 1157 338 Regno
1185 273 1335 320 dicere
1355 310 1369 330 ,
1405 277 1460 322 de

192 355 339 399 Genre
374 348 482 394 huic
512 349 632 398 Urbi
663 344 928 396 amicissima
971 363 1104 414 arque
1125 343 1416 392 addiciiffima
1442 383 1455 402 ,

190 431 261 479 ὃς,
280 419 402 487 quod
420 423 716 488 praecipuum
731 421 792 466 est
813 458 827 477 ,
865 437 962 486 quae
975 436 1136 466 eorum
1152 423 1338 480 Regum
1372 416 1453 464 do·-

185 496 361 540 minatu
391 494 563 554 regitur
583 529 596 549 ,
635 495 715 558 qui
743 490 802 537 ob
830 492 1061 559 praeclara
1094 506 1227 557 atque
1262 491 1459 546 immor--¹

186 564 294 612 talia
328 580 437 626 erga
465 561 787 610 Sanfflffimam
817 562 936 610 hanc
971 578 1107 629 atque
1135 561 1455 629 Apostolicam

189 635 346 683 Sedem
367 637 530 680 merita
547 673 560 692 ³
575 632 1059 682 Christianiffimorum
1080 638 1268 697 Regum
1285 649 1458 679 nomen

188 708 484 754 obtinuerunt
503 726 518 769 5
557 723 606 753 ur
622 722 859 775 propterea
893 707 947 753 de
985 723 1144 752 eorum
1164 704 1422 752 commodis
1439 740 1457 760 ‚

189 796 330 846 aeque
359 795 411 824 ac
445 777 498 823 de
520 780 697 835 vestris,
722 779 1015 824 vehementer
1049 776 1247 842 gaudere
1281 794 1361 823 vos
1403 793 1458 822 ac

188 852 343 897 laetari
369 866 511 917 prope
532 851 776 897 necessario
813 850 1008 912 debeatis
1035 886 1046 896 .
1385 896 1387 899 ,

332 924 482 987 Atque
522 937 568 967 ut
605 920 695 968 fine
728 924 1014 967 cunfflarione
1035 920 1089 966 ad
1109 920 1181 975 id,
1220 918 1344 985 quod
1366 936 1452 985 po-

188 993 253 1041 sui
292 1029 306 1049 2
347 994 581 1039 veniamus
617 1012 632 1054 ,-
683 1008 878 1059 quantae
930 991 1046 1037 illud
1098 990 1269 1035 Gallici
1306 993 1457 1057 Impe-

188 1068 243 1112 rii
280 1063 485 1110 felicitati
526 1062 868 1110 adscribendum
900 1065 1062 1130 putatis
1091 1099 1104 1118 ‚
1153 1061 1310 1127 quod,
1350 1078 1458 1107 cum

188 1139 401 1184 omnium
415 1132 504 1180 fere
518 1139 819 1204 Imperiorum
840 1149 916 1180 aut
935 1131 1278 1180 vetustiffimum
1296 1131 1455 1178 haberi

188 1209 378 1262 debeat,
416 1222 492 1251 aut
523 1225 630 1253 cum
667 1202 982 1273 antiquiffimis
1018 1205 1231 1252 vetustate
1269 1220 1320 1248 ac
1351 1203 1459 1265 glo-

188 1283 252 1326 ria
280 1291 415 1324 certet
433 1313 446 1333 ,
479 1295 602 1324 nunc
632 1279 694 1324 ita
725 1276 965 1323 fundatum
995 1293 1046 1322 ac
1073 1275 1368 1321 constiturum
1391 1271 1458 1332 sit,

190 1365 237 1398 ut
269 1387 283 1406 ,
322 1363 545 1415 quantum
581 1349 763 1395 homini
797 1348 850 1393 de
882 1347 1040 1393 futuris
1073 1346 1307 1393 eventibus
1343 1363 1458 1393 con-

179 1423 345 1484 jedhire
365 1419 470 1465 licet
488 1457 501 1476 ,
539 1420 676 1487 plane
704 1418 931 1465 confidere
958 1415 1171 1485 poffimus
1189 1454 1203 1474 ,
1236 1414 1332 1461 fore
1351 1432 1455 1483 per-

187 1508 375 1562 petuum
400 1531 414 1550 ‚
451 1509 597 1558 neque
615 1491 756 1537 ullam
773 1506 995 1557 umquam
1024 1504 1217 1536 aetatem
1247 1491 1288 1534 ei
1316 1487 1456 1535 finem

189 1563 270 1611 effe
301 1563 504 1630 aliquem
535 1563 813 1609 allaturam?
850 1565 974 1608 Nam
993 1598 1006 1618 ,
1045 1559 1170 1627 quod
1202 1558 1258 1606 ad
1291 1576 1459 1622 regno-

187 1652 290 1683 rum
324 1634 667 1682 diuturnitatem
695 1637 1134 1703 perpetuitatemque
1161 1633 1357 1677 maxime
1389 1628 1457 1676 fit-

191 1710 251 1754 cit
268 1744 281 1764 ,
320 1706 366 1752 id
384 1707 567 1753 Gallico
587 1709 786 1774 Imperio
816 1709 877 1751 ita
905 1705 1129 1752 tributum
1150 1704 1211 1750 est
1227 1740 1241 1761 ,
1281 1717 1328 1747 ut
1349 1719 1457 1770 pro-

187 1797 242 1848 pe
289 1777 343 1824 ad
383 1779 580 1824 aliorum
617 1780 919 1846 Imperiorum
952 1775 1177 1824 invidiam
1212 1775 1367 1820 datu-m
1404 1789 1457 1820 ac

188 1847 443 1896 concessum
467 1849 548 1896 effe
570 1850 774 1897 videatur
793 1886 802 1896 .
842 1852 952 1896 Non
988 1850 1113 1895 enim
1147 1846 1455 1913 ullalmperia.

190 1920 288 1968 satis
327 1920 513 1966 firmiter
547 1922 786 1967 constituta
804 1958 829 1986 ³.
850 1929 893 1968 δέ
919 1920 975 1968 ad
988 1921 1301 1984 longinquum
1320 1931 1455 1981 atque

188 1992 301 2040 adeo
331 1991 385 2037 ad
416 1990 738 2058 sempiternum
767 2007 941 2058 tempus
976 1991 1166 2039 stabilita
1202 1988 1457 2041 existimare

189 2064 402 2110 debemus
423 2100 436 2119 ³
469 2061 550 2108 nisi
578 2064 612 2108 is
637 2059 687 2107 sit
715 2079 866 2107 rerum
885 2064 1015 2108 status
1034 2099 1047 2118 ‚
1078 2076 1152 2116 ut,
1174 2063 1255 2127 qui
1274 2072 1453 2122 regnat,

190 2133 382 2182 subditas
418 2134 580 2183 habeat
625 2131 865 2203 fideiesque
900 2135 1162 2202 provincias
1193 2169 1208 2191 ‚
1263 2130 1458 2248 Ροὲιύοε

1368 2204 1459 2248 ifto
