1934 2870
595 176 657 235 O
704 200 736 237 R
785 204 817 239 A
865 200 892 239 τ
941 204 958 240 1
1004 204 1071 239 0.
1396 208 1467 268 19

197 283 402 342 tempore
434 259 636 311 Galliam
671 263 915 330 praedico.
954 262 1096 316 Unde
1134 268 1260 313 enim
1296 265 1468 322 fastum

198 340 454 393 existimatis
493 375 508 395 ,
561 336 763 395 Quirites
798 374 812 395 ,
868 352 918 384 ut
949 336 1182 384 Gallicum
1215 341 1467 409 Imperium

192 419 355 485 quinto
381 407 480 479 ipso
508 410 607 478 post
641 405 872 456 Christum
907 424 1065 456 natum
1093 408 1275 457 saeculo
1311 432 1336 461 a
1363 418 1467 464 Me„

191 503 360 535 rovaeo
392 483 478 529 illo
516 476 786 527 clarissimae
803 484 1213 545 Merovingiorum
1245 487 1462 536 Familiae

187 560 394 630 principe
433 567 568 620 atque
599 553 780 598 auclore
813 549 1080 600 felicissimis
1109 554 1318 624 auspiciis
1351 578 1463 608 con.

187 631 336 679 ditum
373 643 424 673 ac
458 623 733 681 fundatum,
771 625 822 671 in
855 640 978 674 tanta
1005 642 1156 672 rerum
1192 629 1462 679 vicissitudh-

187 721 246 752 ne
283 719 337 748 ac
390 700 606 746 varietate
635 733 650 753 ,
708 711 830 742 tanta
866 714 1094 744 annorum
1161 717 1296 768 atque
1347 704 1464 751 adeo

184 773 472 822 saeculorum
499 769 794 815 diuturnitate
812 806 827 825 ,
858 769 915 815 ad
944 771 1143 816 nostram
1177 772 1316 840 usque
1343 791 1462 823 aeta-

182 861 276 894 tem
303 844 652 907 integerrimum
681 857 733 886 ac
753 839 1121 889 florentissimum
1144 845 1461 912 perseverarit?

182 930 239 966 'an
270 919 434 986 putatis
454 950 469 971 ,
495 916 544 959 in
570 913 694 980 pacis
722 913 863 958 veluti
893 917 1073 976 gremio
1103 933 1322 984 perpetuo
1345 910 1461 966 con-³

181 988 349 1059 quiesse
382 1024 397 1045 ,
443 1000 491 1031 ut
532 999 769 1052 propterea
808 984 938 1031 nulla
980 1002 1129 1052 neque
1161 1003 1454 1039 externorum

179 1079 328 1128 neque
355 1057 711 1105 domesticorum
742 1071 975 1103 armorum
996 1057 1290 1126 impressione
1319 1062 1454 1125 dejici

178 1148 313 1201 atque
343 1130 485 1177 everti
515 1127 747 1197 potuerit?
783 1132 906 1175 Deus
935 1131 1242 1177 immortalis!
1273 1133 1452 1201 ecquod

178 1204 353 1252 bellum
381 1216 458 1249 aut
485 1198 806 1263 magnitudine
834 1217 1001 1263 grave,
1031 1215 1109 1246 aut
1140 1206 1259 1249 exitu
1289 1202 1452 1252 sormi·

176 1273 386 1323 dolosum
414 1309 428 1329 ,
461 1285 537 1317 aut
574 1286 740 1333 genere
777 1269 873 1339 ipso
909 1270 1201 1321 neceffarium
1226 1292 1450 1344 umquam

176 1345 296 1404 fuit,
335 1345 408 1393 vel
440 1342 522 1388 effe
557 1342 707 1408 potuit
734 1377 749 1398 ,
787 1345 837 1388 in
875 1360 969 1408 quo
1002 1343 1120 1390 illud
1155 1349 1279 1394 varia
1313 1365 1450 1416 atque

174 1415 374 1475 diversa,
409 1430 516 1461 cum
556 1416 798 1480 Europae,
831 1427 927 1459 tum
963 1415 1142 1462 Galliae
1174 1416 1337 1485 ipsius,
1372 1437 1450 1467 ea..

174 1508 261 1559 que
295 1485 571 1536 difficillima
602 1499 808 1553 tempora
835 1501 931 1532 non
957 1492 1274 1536 exercuerint?
1307 1509 1448 1558 quam

169 1562 317 1610 multa
372 1558 658 1607 arbitramini
719 1556 775 1604 ad
825 1559 1008 1626 Imperii
1063 1565 1448 1629 propagationem

173 1634 293 1681 bella
339 1650 365 1679 a
412 1631 557 1678 Gallis
604 1625 730 1676 fuisse
775 1631 896 1694 gesta
943 1634 953 1675 !
1005 1648 1143 1698 quam
1196 1635 1342 1681 multa
1388 1636 1445 1685 ad

170 1704 492 1753 foederatorum
543 1720 596 1750 ac
643 1700 873 1749 sociorum
918 1703 1140 1751 auxilium
1195 1704 1391 1775 suscepta
1429 1714 1443 1755 Ξ

167 1795 308 1846 quam
339 1776 483 1823 multa
518 1774 573 1821 ad
608 1773 901 1821 vindicandas
938 1775 1349 1846 propulsandasque
1383 1780 1439 1826 fi-

166 1851 440 1897 nitimorum
467 1848 651 1908 injurias
682 1846 844 1892 illata!
884 1864 1022 1913 quam
1062 1848 1259 1916 denique
1293 1851 1438 1898 multa.

167 1921 223 1969 ad
256 1919 637 1989 propugnandam
675 1917 964 1965 Catholicam
995 1920 1292 1983 Religionem
1330 1940 1440 1969 con-

165 1992 523 2058 servandamque
549 1988 751 2036 confer-sta
774 1995 783 2034 l
817 1991 976 2057 Qd?
1006 1990 1243 2038 censetisne
1265 1995 1435 2042 milita-

166 2081 261 2111 rem
291 2062 579 2132 disciplinam
614 2098 628 2118 ,
663 2079 780 2128 quae
816 2060 990 2130 semper
1019 2067 1066 2109 in
1103 2065 1253 2110 Gallia
1290 2069 1439 2113 maxi-

166 2152 240 2183 me
276 2139 457 2201 viguit,
489 2133 582 2182 sine
616 2136 827 2182 maximis
859 2133 984 2180 bellis
1020 2138 1174 2201 vigere
1208 2137 1434 2205 potuisse?

816 2208 859 2250 C
900 2224 925 2251 2.
1295 2213 1438 2258 Mitto
