1934 2870
478 304 481 305 ⁷
563 225 625 286 O
672 252 704 287 R
754 251 787 288 A
833 247 862 288 Τ
911 249 928 288 1
975 252 1010 288 o
1031 272 1044 287 .
1359 248 1439 308 27

161 315 286 367 idem
315 328 368 361 ex
402 313 561 360 animo
606 330 703 360 non
746 330 1046 384 apprecemur
1079 318 1094 358 ἓ
1143 314 1322 360 Verum
1360 314 1444 361 ista

159 386 286 436 missa.
323 381 579 443 faciainu3‚
603 388 811 453 Qrites
827 406 844 452 3
883 404 1034 456 neque
1054 387 1181 433 enim
1208 383 1364 431 Gallia
1391 388 1443 436 in

156 473 278 508 tanta
311 457 605 530 prosperitate
618 476 769 508 rerum
788 497 803 520 ,
833 464 884 508 in
916 477 1010 508 tam
1028 458 1223 506 secunda
1242 459 1444 507 eximia-1

153 550 242 601 que
264 529 449 579 fortuna
470 570 484 591 ,
524 547 633 580 vota
673 530 821 581 facere
859 534 1030 581 neceffe
1061 530 1222 589 habet,
1259 539 1304 579 &
1333 529 1441 578 feli-

153 607 337 653 citatem
353 603 482 653 suam
501 608 551 652 in
570 603 711 652 futuri
749 609 965 676 temporis
984 607 1108 676 spem
1127 602 1306 652 differre
1328 642 1342 663 ³
1362 608 1443 653 in·-⁴

149 676 369 747 certisque
396 678 706 727 humanarum
724 679 1089 728 vicissitudinum
1106 676 1275 726 casibus
1295 695 1441 742 even}

150 749 294 819 risque
330 755 618 800 committere
630 771 645 815 3
682 754 775 812 est,
809 754 1116 821 estyinquam
1139 787 1153 809 ,
1190 768 1272 798 cur
1293 750 1439 798 modo

147 823 375 890 gaudeat,
404 843 486 873 cur
515 824 709 872 mirifica
727 826 928 894 quadam
958 842 1095 894 atque
1120 821 1329 871 inusitata
1351 841 1439 872 vo-

146 897 320 964 luptate
337 897 641 966 perfundatur
664 935 679 956 ,
706 917 787 945 cur
827 897 869 945 se
897 916 1004 968 prae
1026 899 1199 944 cunctis
1218 895 1437 961 gentibus

143 968 324 1016 beatam
350 987 403 1017 ac
433 969 619 1018 felicem
637 969 888 1035 agnoscat3
920 972 1091 1039 quippe
1120 985 1236 1036 quae
1255 1005 1269 1025 ‚
1307 966 1434 1036 quod

144 1041 261 1088 aliae
291 1058 447 1106 gentes
481 1057 557 1089 aut
577 1060 836 1110 numquam
858 1045 1054 1089 omnino
1072 1079 1086 1100 ‚
1126 1055 1202 1087 aut
1231 1058 1329 1087 non
1346 1037 1435 1088 nist

144 1131 330 1184 perraro
366 1115 672 1183 consequutae
706 1114 841 1173 sunt,
877 1112 1234 1162 cumulatissime
1269 1111 1434 1181 adepta.

143 1184 194 1234 fit
217 1223 228 1233 .
268 1189 587 1250 Qamobrem
619 1186 732 1235 finat
769 1206 839 1234 eas
881 1188 1006 1235 illius
1030 1187 1138 1234 boni
1160 1223 1174 1243 ,
1215 1184 1341 1252 quod
1375 1186 1433 1231 iis

142 1257 354 1306 nondum
372 1260 592 1317 obvenit,
631 1257 704 1328 spe
739 1275 875 1327 atque
908 1257 1241 1328 exspectatione
1261 1254 1432 1304 susten-

143 1332 228 1377 tari
259 1347 271 1378 1
302 1329 396 1400 ipsa
415 1348 552 1388 ver0,
592 1331 973 1399 quandoquidem
1005 1329 1174 1400 superis
1195 1333 1259 1377 ita
1278 1328 1429 1379 visum

140 1403 204 1449 est
224 1438 237 1458 ,
267 1418 315 1448 ut
332 1402 424 1449 hoc
443 1401 606 1449 solatio
628 1405 823 1449 minime
843 1403 1073 1466 indigeret
1090 1440 1104 1460 ,
1144 1402 1274 1465 hujus
1293 1401 1430 1469 ipsius

141 1474 252 1522 boni
272 1478 567 1544 perceptione
586 1475 739 1523 multo
759 1489 878 1522 ‚certe
896 1475 1173 1545 optabiliore
1195 1492 1249 1521 ac
1254 1477 1426 1536 jucun«-

136 1545 267 1594 diore
282 1546 540 1617 perfruatur
557 1586 571 1597 .

288 1623 354 1668 At
387 1621 523 1689 quale
557 1621 620 1668 est
656 1624 671 1680 ζ
718 1635 1036 1690 quantumque
1071 1619 1163 1669 hoc
1198 1619 1378 1668 bonum
1407 1638 1427 1678 ς

135 1698 375 1760 erites!
409 1694 527 1741 Tale
552 1693 732 1742 audebo
766 1694 916 1742 dicere
954 1712 1007 1741 ac
1038 1710 1218 1742 tantum
1238 1730 1253 1752 ,
1291 1709 1341 1740 ut
1364 1691 1426 1741 ad

139 1765 434 1817 retinendum
466 1766 602 1815 illum
623 1805 637 1826 ,
671 1768 721 1814 in
754 1785 851 1835 quo
879 1785 1005 1831 nunc
1040 1769 1130 1826 est,
1161 1768 1304 1830 longe
1320 1783 1425 1815 am·

136 1839 388 1912 Pliffimum
420 1838 657 1904 dignitatis
681 1840 845 1887 statum
864 1878 878 1898 ,
918 1839 1036 1887 nihil
1073 1843 1116 1887 ei
1150 1859 1176 1888 a
1201 1843 1308 1887 Deo
1336 1857 1423 1907 op·-

138 1914 376 1984 portunius
395 1911 559 1960 donari
584 1928 723 1981 atque
752 1915 979 1983 impertiri
997 1916 1226 1982 potuerit.
1260 1914 1325 1957 Ea
1360 1910 1424 1958 est

137 1987 446 2036 humanarum
479 2001 630 2034 rerum
667 2000 830 2033 natura
860 2001 997 2053 atque
1030 1985 1272 2040 conditi0‚
1311 1996 1361 2029 ut
1391 1997 1423 2028 a*

135 2062 285 2129 parvis
319 2057 590 2126 plerumque
633 2060 776 2104 initiis
813 2056 976 2105 senfim
1015 2055 1341 2122 augescentes,
1373 2061 1423 2102 &

134 2129 234 2179 suos
271 2129 495 2201 processus
524 2129 719 2177 habeant
747 2138 792 2177 &
826 2133 1116 2177 incrementa
1147 2147 1163 2194 3
1200 2144 1307 2175 cum
1336 2143 1421 2175 ved

136 2213 188 2254 r'o
220 2202 279 2253 ad
306 2201 541 2253 summum
568 2204 894 2274 pervenerint3
927 2200 1011 2249 nifi
1044 2218 1154 2265 tumv
1174 2200 1251 2269 yel
1272 2201 1420 2248 maxi-

866 2280 910 2324 D
954 2293 979 2323 2
1341 2288 1417 2320 me
