1934 2870
579 206 641 270 O
688 236 719 271 R
768 234 801 272 A
849 236 877 272 T
924 236 942 272 1
988 236 1055 275 0.
1373 230 1445 290 25

182 300 336 365 gionis
375 298 659 344 incrementa
696 295 953 366 spectarunt
977 334 990 347 .
1038 295 1272 354 Videbat,
1318 296 1455 348 illum

182 389 277 419 non
299 385 389 417 tam
411 366 650 417 florentem
674 372 804 417 annis
823 406 837 426 ,
873 389 1013 439 quam
1049 370 1176 418 rebus
1202 370 1334 435 gestis
1354 407 1368 427 ,
1405 371 1456 420 in

178 442 308 490 Italia
326 481 340 501 ,
374 442 538 507 Belgio
558 480 572 500 ,
607 443 858 491 Germania
877 482 891 502 ‚
929 445 1123 491 Polonia
1158 444 1336 490 strenue
1357 440 1454 490 fot-

177 518 370 584 titerque
397 530 685 585 pugnantem
714 554 728 574 ,
765 533 817 563 ac
852 520 987 564 novis
1025 516 1193 584 ubique
1233 514 1453 564 accessio*

171 588 305 635 nibus
340 591 527 658 Imperii
548 588 658 636 fines
690 603 768 635 aut
802 606 920 637 certe
948 590 1150 655 gloriam
1185 605 1453 658 propaganw

170 674 264 707 tem
284 698 295 708 .
331 660 475 726 Qod
503 678 649 709 unum
678 676 835 730 optare
863 678 1042 732 poterat
1074 701 1089 721 ‚
1140 676 1189 708 ut
1217 664 1452 731 praestan-2

170 732 363 782 tissimus
384 739 484 784 Rex
510 733 751 782 haeredem
777 754 831 782 ex
864 734 906 782 se
919 735 961 782 se
993 739 1204 802 genitum
1235 737 1282 789 in
1323 733 1451 802 spem.

166 809 319 870 gentis
356 825 408 854 ac
449 810 582 871 regni
628 806 908 855 submitteret
942 847 956 867 ,
998 813 1095 872 jam
1141 811 1407 876 impetrarat
1435 846 1449 857 .

166 881 434 947 Impetrarat
455 895 608 926 autem
627 881 793 939 talem,
827 881 1014 948 qualem
1043 879 1123 928 fibi
1164 883 1238 928 vix
1279 880 1449 926 melio·-

166 967 264 998 rem
304 951 396 1020 ipsa
430 952 603 1016 fingere
626 953 836 1020 potuiffet
866 991 880 1011 ‚
922 951 1141 1018 singulari
1176 951 1447 1020 pietate‚fi-

165 1023 219 1071 de
239 1062 253 1082 ‚
284 1025 452 1087 justitia
470 1063 484 1083 ,
523 1025 794 1072 liberalitate
832 1024 1088 1093 praeditum
1109 1061 1122 1082 ,
1159 1027 1240 1091 qui
1263 1023 1319 1071 ad
1338 1024 1446 1072 reli-a

164 1114 275 1165 quas
310 1098 455 1144 animi
493 1096 618 1144 dotes
667 1096 946 1165 egregiaque
993 1112 1265 1145 ornamenta
1308 1096 1449 1144 belli-

164 1186 267 1217 cam
302 1172 439 1218 etiam
477 1169 660 1217 laudem
684 1188 736 1216 ac
768 1172 983 1217 virtutem
1020 1170 1324 1232 adjungeret,
1360 1173 1445 1237 qui

164 1244 321 1289 vivam
352 1256 486 1308 atque
521 1240 766 1310 expressam
809 1240 1046 1288 clarissimi
1090 1243 1228 1288 Patris
1250 1278 1265 1297 ‚
1302 1257 1441 1309 atque

162 1310 446 1360 inviffissimi
464 1317 606 1378 Regis
627 1317 882 1378 imaginem
902 1312 1254 1383 repraesentaret
1271 1320 1286 1360 .’
1313 1313 1444 1379 Qid

160 1385 357 1453 amplius
376 1385 495 1431 velle
511 1401 690 1453 poterat
708 1386 891 1432 Gallia?
914 1387 1026 1452 quid
1043 1402 1272 1454 praeterea
1286 1390 1443 1454 requi-

156 1464 292 1505 rere?
324 1456 437 1524 quid
455 1455 740 1525 exspedtare?
772 1455 992 1526 liquidem
1034 1456 1315 1525 consequuta
1343 1462 1441 1520 jam

153 1528 275 1577 illud
304 1544 431 1586 erat,
463 1529 590 1596 quod
628 1547 771 1577 unum
824 1530 1013 1599 adeptae
1053 1545 1254 1576 caeterae
1278 1547 1438 1594 gentes

152 1602 301 1666 vulgo
338 1616 579 1649 contentae
614 1602 697 1649 effe
717 1601 863 1650 solent
880 1640 895 1660 9
925 1611 970 1650 &
990 1605 1040 1649 in
1063 1621 1157 1671 quo
1195 1620 1290 1649 uno
1311 1600 1437 1652 sum-

151 1691 279 1722 mam
303 1676 487 1742 Imperii
522 1673 790 1723 felicitatem
812 1673 940 1723 sitam
972 1693 1024 1722 ac
1057 1675 1331 1723 collocatam
1349 1694 1437 1747 pu-

153 1761 253 1794 tant
285 1783 296 1793 .
349 1750 526 1795 Verum
564 1745 615 1794 sit
646 1746 735 1794 hoc
772 1748 872 1795 aliis
923 1748 1135 1813 gentibus
1177 1751 1343 1796 merito
1380 1767 1436 1798 ac

142 1824 246 1885 jure
283 1815 382 1864 satis
401 1837 417 1882 3
446 1835 491 1867 at
531 1819 740 1866 Gallicae
770 1819 981 1868 felicitati
1013 1858 1027 1880 3,
1062 1838 1219 1888 quam‘
1242 1819 1435 1882 inufirta-

150 1907 247 1939 tam
275 1892 471 1938 omnino
502 1907 636 1960 atque
654 1893 1065 1941 extraordinariam
1080 1892 1162 1940 effe
1177 1893 1270 1941 dixi
1291 1911 1434 1962 opor-

152 1979 275 2019 tere,
311 1978 432 2009 certe
476 1980 573 2010 non
603 1962 703 2011 satis
727 2001 737 2011 .
760 1969 875 2013 Ecce
906 1968 1050 2030 igitur
1087 1982 1236 2012 novus
1273 1964 1432 2014 haeres

148 2035 336 2083 Gallico
355 2036 555 2103 Imperio
573 2052 756 2104 repente
779 2037 906 2085 datus
925 2076 939 2095 ,
972 2054 1120 2084 novus
1139 2039 1295 2101 Regni
1329 2035 1432 2086 suc-

150 2105 288 2154 ceffor
319 2109 369 2154 in
396 2108 549 2155 lucem
580 2107 723 2155 editus
739 2127 755 2173 3
787 2118 830 2157 ὃς
857 2111 904 2156 in
920 2113 1428 2174 SERENISHMIBURGUN-

146 2195 256 2233 mae
275 2183 422 2232 Ducis
446 2197 561 2232 -ortu
597 2181 776 2230 Galliae
816 2180 1008 2230 felicitas
1024 2182 1344 2233 incredibilem
1376 2186 1428 2233 in

875 2257 921 2304 D
1322 2273 1428 2306 mo·-
