1934 2870
445 255 524 314 26
842 247 903 307 O
950 273 981 308 R
1032 269 1065 305 Α
1111 272 1141 306 T
1191 271 1208 306 1
1254 273 1287 308 o
1310 291 1324 308 .

442 333 639 393 modum
667 349 943 399 exaggerata
960 369 972 380 .
1004 335 1097 379 Hic
1112 336 1209 396 jam
1231 348 1350 380 cette
1370 349 1464 380 non
1484 333 1593 389 erit,
1626 347 1722 399 quo

443 406 622 468 Gallia,
656 425 772 475 quae
808 422 893 453 tres
926 422 1020 452 uno
1056 421 1262 474 tempore
1296 404 1589 453 fortunarum
1619 401 1720 451 sua-

442 498 548 528 rum
578 482 781 528 audiores
807 477 1079 546 statoresque
1114 477 1292 536 videat,
1326 493 1502 547 patrem
1532 477 1723 545 quidem

441 553 522 602 fibi
557 570 682 602 nunc
711 556 1047 623 imperantem,
1081 551 1230 599 filium
1268 568 1378 600 vero
1411 568 1466 598 ac
1503 565 1722 619 nepotem

440 627 557 675 olim
590 630 893 697 imperaturos
916 663 931 683 ,
963 643 1171 693 quaeque
1206 639 1447 695 propterea
1483 638 1724 690 tamquam

441 718 497 746 ex
516 700 686 769 triplici
705 698 1005 763 jucunditatis
1040 695 1165 745 fonte
1199 715 1297 745 non
1324 696 1467 744 modo
1484 694 1726 766 praesentis

441 770 622 821 hauriat
650 808 665 829 a
716 770 792 818 sed
838 773 977 817 etiam
1014 768 1190 818 futurae
1238 769 1295 817 ad
1333 771 1527 834 longam
1571 785 1721 815 anno-

444 862 550 893 rum
580 842 742 891 seriem
774 841 1002 890 felicitatis
1026 843 1313 912 voluptatem
1335 844 1591 912 praecipiat‚
1621 839 1725 898 hic,

444 920 640 984 inquam
672 954 688 974 ,
725 934 823 963 non
855 917 939 962 erit
973 953 987 973 ‚
1032 933 1126 984 quo
1163 913 1236 984 spe
1285 933 1338 961 ac
1375 916 1493 962 votis
1537 913 1725 960 ulterius

441 988 789 1057 progrediatur.
826 991 978 1034 Immo
998 1005 1108 1034 veto
1126 989 1188 1035 est
1203 1025 1218 1045 ,
1242 988 1446 1054 Qirites
1465 1023 1485 1033 .,
1499 989 1612 1032 Non
1633 1001 1723 1048 ego

442 1060 533 1109 hoc
570 1061 676 1107 loco
703 1077 884 1108 novum
900 1058 1135 1127 quoddam
1153 1056 1383 1108 felicitatis
1400 1075 1545 1122 genus
1562 1095 1579 1114 2
1597 1053 1723 1124 quod

443 1131 635 1201 quidem
656 1148 808 1180 mente
825 1130 1151 1202 percipipossit
1169 1170 1183 1190 ,
1223 1149 1270 1179 re
1308 1146 1459 1179 autem
1479 1128 1571 1199 ipsa
1602 1126 1723 1177 exsi-

442 1207 554 1254 stere
583 1220 784 1272 nequeat
803 1241 819 1262 ,
852 1207 1011 1251 animo
1039 1221 1092 1250 ac
1127 1207 1412 1268 cogitatione
1450 1201 1722 1250 informabo

443 1295 574 1324 mea.
606 1281 780 1324 Dicam
815 1276 889 1334 id,
918 1275 1045 1344 quod
1065 1294 1144 1322 vos
1177 1274 1260 1345 ipsi
1285 1274 1489 1344 profesto
1522 1274 1637 1322 mihi
1653 1270 1723 1320 as-

439 1348 608 1397 sensuri
627 1346 713 1396 fitis
735 1387 747 1398 .
788 1352 969 1397 Etenim
987 1386 1002 1406 ,
1038 1347 1203 1396 amabo
1234 1365 1511 1406 VOS,nonne
1529 1365 1581 1394 ea
1599 1361 1723 1393 aeta-

440 1437 515 1481 τε,
549 1432 594 1470 ὅ(
625 1424 834 1485 integra,
856 1429 900 1468 δε
935 1421 1126 1468 florente
1155 1458 1171 1478 ‚
1203 1424 1466 1467 Luoovrcus
1486 1422 1719 1467 Decimus

437 1498 639 1556 Qntus
673 1495 736 1541 est
757 1530 773 1550 ,
807 1507 890 1548 ut,
928 1510 1036 1540 cum
1075 1509 1229 1540 recens
1270 1491 1399 1556 hujus
1438 1495 1722 1542 SERENrss1M1

443 1570 748 1614 BURGUNDJAE
776 1568 921 1612 Ducis
940 1583 1048 1613 avus
1067 1562 1204 1611 faetus
1223 1563 1274 1612 sit
1291 1602 1306 1622 ‚
1341 1565 1525 1612 alterius
1562 1565 1617 1612 ab
1633 1564 1723 1612 hoc

442 1636 540 1707 ipso
561 1640 786 1706 procreati
808 1637 889 1684 filii
908 1655 1104 1706 proavus
1123 1636 1206 1684 effe
1229 1635 1392 1706 possit?
1411 1640 1601 1707 Excipio
1619 1675 1634 1696 ,
1657 1639 1723 1684 uti

447 1711 603 1768 decet,
635 1708 860 1757 humanos
886 1709 1007 1757 casus
1030 1708 1316 1777 incertosque
1334 1725 1523 1758 eventus
1543 1709 1722 1757 valetu-

449 1786 595 1841 dinis‚
611 1801 725 1851 quos
743 1800 892 1850 neque
914 1782 967 1829 de
984 1780 1052 1840 se,
1074 1799 1222 1850 neque
1245 1781 1299 1828 de
1321 1783 1465 1829 altero
1483 1780 1725 1851 quisquam

444 1857 668 1926 praestare
704 1856 878 1924 potest.
916 1858 1094 1903 Verum
1124 1892 1139 1913 ,
1177 1872 1285 1902 cum
1328 1858 1592 1905 Luoovious
1625 1859 1726 1903 Rex

445 1944 588 1976 aetate
620 1930 808 1993 vigeat,
849 1945 957 1975 cum
984 1931 1077 1990 ejus
1108 1929 1284 1992 Regius
1315 1927 1438 1975 filius
1465 1928 1597 1975 firma
1629 1944 1728 1974 cor-

442 2003 571 2071 poris
605 2009 651 2049 &
682 2003 851 2049 virium
868 1999 1138 2048 habitudine
1164 2015 1341 2059 utatur,
1377 2019 1486 2048 cum
1511 1999 1585 2047 hic
1604 2004 1726 2048 BUR-

444 2090 652 2122 ouNorAE
682 2077 787 2121 Dux
819 2075 994 2142 optime
1012 2075 1266 2121 constitutis
1302 2074 1561 2143 parentibus
1596 2087 1725 2118 natus

442 2145 691 2192 bellissime
714 2147 892 2204 valeat,
915 2144 1027 2214 quid
1045 2147 1106 2194 est
1124 2147 1424 2214 quamobrem
1450 2144 1540 2192 hoc
1571 2144 1723 2193 Gallia.

444 2215 625 2288 sperare
637 2236 735 2267 non
750 2217 889 2289 possit
908 2225 926 2266 ἓ
955 2217 1099 2288 quid?
1127 2235 1207 2265 cur
1224 2219 1408 2266 Gallico
1424 2219 1625 2287 Imperio
1640 2235 1726 2264 nos

1601 2289 1726 2339 idem
