1934 2870
550 195 612 258 O
657 223 690 259 R
737 210 772 259 Α
820 215 850 259 ’τ
895 223 913 261 1
959 223 994 262 0
1012 246 1026 262 .
1346 221 1435 282 45

144 303 223 352 ges
255 321 268 343 ‚
307 285 385 353 qui
422 283 477 331 ab
515 287 662 332 Saneti
699 284 924 334 Ludovici
957 324 972 345 ,
1024 285 1426 353 Hierosolymaria

143 361 222 408 illa
249 356 536 426 expeditione
563 358 883 418 celeberrimi,
923 359 1023 407 filio
1045 359 1189 406 altero
1211 361 1418 409 Roberto

140 448 282 497 genus
321 445 530 498 repetunt
564 430 724 488 suum,
762 429 861 478 satis
897 431 1190 480 ostenderunt
1209 471 1223 491 ‚
1259 432 1425 480 hodie-

140 521 229 572 que
257 501 533 560 ostendunt,
566 502 684 550 nihil
714 504 807 550 illis
839 508 1071 574 antiquius
1115 504 1197 551 effe
1230 543 1244 563 ,
1282 523 1425 574 quam

140 578 311 624 avitam
353 575 654 640 Religionem
688 615 702 635 ,
737 592 872 645 atque
921 596 945 625 a
990 578 1245 641 Majoribus
1279 579 1424 626 tradi«

142 663 260 706 tam,
296 647 459 694 sartam
481 652 735 717 tectamque
759 648 1026 698 conservare
1049 689 1059 699 .
1100 651 1423 715 Qamobrem

141 720 301 769 videtis
321 759 335 778 ,
357 725 556 787 Qirites
576 763 590 780 ,
623 738 849 791 quantum
871 722 1038 772 horum
1060 728 1249 788 Regum
1267 722 1424 771 favere

139 793 397 841 commodis
418 833 431 852 ,
464 793 637 842 studere
656 794 891 854 felicitati,
923 805 966 844 &
985 815 1080 865 quo
1111 797 1301 844 demum
1323 799 1428 862 ani-.-

138 885 218 915 mo
240 885 348 932 erga
371 866 485 936 ipsos
505 866 587 915 effe
608 868 803 915 debeatis
817 907 827 915 .
871 869 1013 930 Qod
1033 869 1088 916 ad
1106 868 1283 917 sodales
1299 887 1426 917 meos

136 943 325 997 attinet,
350 956 550 1007 quorum
585 945 775 987 n‘omine
797 939 910 988 haec
933 941 1086 988 habita
1108 959 1132 987 a
1155 960 1226 989 me
1262 945 1429 997 Oratio

136 1014 225 1070 est,
243 1014 547 1081 perstringam
569 1013 763 1059 breviter
781 1028 929 1064 :tanta
945 1013 1153 1062 exstitisse
1175 1014 1427 1061 Gallorum

138 1089 325 1150 Regum
352 1103 461 1149 erga
498 1103 580 1131 nos
612 1086 834 1133 beneficia
854 1124 869 1145 ,
899 1101 948 1132 ut
993 1103 1154 1134 eorum
1203 1104 1426 1135 numerus

135 1160 246 1205 iniri
274 1175 370 1204 non
410 1154 540 1226 poffit
565 1194 575 1205 .
612 1160 765 1226 Atque
798 1159 994 1204 ut‘alios
1028 1163 1425 1226 praetermittam,

138 1230 397 1278 Ludovicus
431 1229 510 1275 ille
539 1233 744 1294 Nlagnus
773 1244 840 1275 tot
863 1232 1076 1276 Societati
1099 1232 1278 1278 nostrae
1313 1249 1422 1300 par-3

138 1305 223 1349 tim
255 1301 495 1360 attribuit,
534 1306 703 1370 partim
724 1301 936 1350 reditibus
970 1305 1128 1360 auxit,
1168 1306 1335 1372 partim
1368 1302 1425 1350 de

136 1378 321 1438 integro
352 1372 559 1420 condidit
579 1373 821 1420 domicilia
843 1412 856 1431 ,
880 1389 929 1420 ut
954 1391 1097 1442 prope
1137 1375 1196 1422 ad
1232 1380 1428 1440 triginta

136 1460 434 1494 numerentur
452 1483 462 1493 .
482 1449 516 1492 L
531 1463 558 1490 U
571 1464 599 1491 o
611 1463 642 1493 o
657 1464 685 1493 v
697 1465 711 1493 1
726 1462 755 1493 C
772 1463 798 1492 U
813 1464 829 1492 s
853 1464 962 1493 vero
975 1448 1197 1493 Decimus
1211 1449 1417 1511 Qntus

137 1517 257 1568 nihil
279 1516 486 1587 profe-&to
509 1519 763 1580 Majotibus
784 1517 870 1564 suis
889 1517 942 1565 de
963 1535 1119 1564 amore
1147 1537 1256 1584 erga
1271 1538 1353 1566 nos
1369 1537 1423 1567 ac

138 1591 442 1639 beneficentia
461 1590 699 1650 concedit,
720 1608 743 1637 a
763 1608 856 1658 quo
871 1609 977 1638 cum
992 1588 1172 1639 summa
1189 1595 1424 1660 acceperi-

138 1683 239 1712 mus
261 1663 480 1711 beneficia
494 1701 507 1721 ,
525 1662 802 1712 immensum
824 1663 1046 1731 quiddam
1065 1682 1147 1712 nos
1167 1665 1239 1711 illi
1256 1665 1424 1712 debere

135 1737 369 1785 sentimus.
411 1739 520 1783 Satis
552 1740 719 1806 opinor
737 1735 827 1783 hoc
848 1737 980 1784 nobis
1009 1736 1092 1783 effe
1116 1738 1301 1795 causae,
1342 1754 1424 1786 cur

137 1828 221 1857 nos
234 1812 371 1856 etiam
390 1811 439 1856 in
455 1808 583 1872 hujus
606 1810 926 1875 gratulationis
946 1825 1122 1879 partem
1149 1814 1389 1858 veniamus
1413 1849 1425 1860 .

137 1884 247 1930 Dixi
264 1883 493 1950 postremo
517 1883 624 1929 loco
645 1922 658 1941 ,
682 1882 771 1929 hoc
790 1883 1112 1946 gratulationis
1132 1881 1342 1931 officium
1364 1883 1424 1931 ad

138 1972 325 2011 omne8‚
344 1972 640 2022 quocumque
663 1954 847 2002 tandem
867 1955 1028 2002 ordine
1045 1993 1058 2011 ,
1091 1973 1258 2019 genere
1281 1993 1294 2011 3
1333 1954 1427 2002 for-

140 2043 250 2074 tuna
269 2065 283 2084 ,
323 2030 553 2073 autetiam
584 2030 770 2080 natione
796 2026 879 2074 sint
900 2065 914 2085 ,
953 2030 1178 2095 pertinere
1209 2064 1220 2075 .
1261 2031 1387 2075 Nam
1408 2066 1423 2086 ,

140 2098 586 2168 praeterquamquod
601 2102 733 2145 unius
752 2102 906 2163 Regni
919 2097 1128 2146 securitas
1145 2115 1280 2167 atque
1296 2116 1427 2148 tran-

139 2172 341 2241 quillitas
379 2189 485 2219 cum
521 2188 818 2221 externorum
837 2175 974 2219 etiam
992 2177 1267 2240 Regnorum
1289 2177 1426 2242 quie-

1384 2261 1428 2293 te
