1934 2870
522 177 582 238 Ο
628 201 658 238 R
707 203 739 238 Α
786 202 814 237 Τ
860 203 878 237 1
923 196 997 238 0.‘
1316 206 1389 260 33

127 267 374 327 existimare
400 261 566 309 debetis
586 300 601 321 ‚
634 262 798 310 summi
830 264 1014 331 Imperii
1052 262 1388 312 conservationi

124 356 257 407 atque
291 335 402 384 adeo
439 336 690 381 aeternitati
726 349 817 381 tam
837 350 957 381 certa
984 335 1220 402 stabilique
1255 339 1391 382 ratio-

123 428 180 458 ne
211 425 237 455 a
263 412 367 455 Deo
395 406 648 453 immortali
665 405 747 452 esse
766 405 1024 452 consultum
1048 414 1062 452 ἓ
1093 406 1255 455 Videte
1276 444 1290 464 ,
1335 424 1395 453 ne

121 478 245 549 quod
294 478 342 523 in
378 479 555 546 privata
591 476 763 524 familia
794 514 809 535 ,
854 474 906 523 sit
942 478 1082 525 modo
1113 478 1196 525 illa
1229 478 1393 546 paullo

119 551 322 598 nobilior
356 562 492 617 atque
523 549 817 618 opulentior,
855 564 1010 617 optare
1039 565 1173 617 atque
1208 564 1395 618 expete-

120 639 166 670 re
197 621 346 668 soletis
382 658 396 678 ,
426 619 474 667 id
509 624 558 667 in
594 637 645 667 ea
683 659 697 679 ,
733 623 781 666 in
816 637 907 687 qua
944 636 1011 667 tot
1044 623 1393 690 provinciarum

121 711 174 740 ac
211 693 493 762 populorum
526 692 679 749 bona,
715 694 840 749 vita,
875 689 1020 749 salus,
1056 691 1280 750 felicitas,
1319 694 1392 738 ina

118 764 391 821 columitas,
415 766 601 832 Imperii
638 763 835 831 denique
865 761 1164 811 florentiffitni
1202 781 1254 810 ac
1298 763 1394 810 cla-

117 833 273 884 riffimi
302 833 485 882 fortuna
520 836 739 892 vertitur,
774 835 1106 898 negligendum
1128 837 1319 905 putetis.

263 909 356 953 Hic
392 905 509 952 illud
542 904 717 952 fortaffe
742 922 980 963 occurret,
1009 910 1241 971 thes,
1280 904 1394 973 quid

116 992 350 1047 tantopere
380 977 684 1045 expetendum
716 975 767 1023 sit
797 994 950 1023 recens
987 976 1075 1024 hoc
1110 978 1279 1023 Gallici
1298 980 1391 1023 Im·-

113 1051 231 1120 perii
265 1046 566 1118 praesidium,
598 1045 820 1115 liquidem
857 1050 1008 1111 Regia
1036 1053 1388 1097 BORssomoRUM

115 1120 305 1168 Familia
329 1157 344 1177 ,
377 1118 816 1188 praeterquamquod
855 1121 901 1165 in
937 1118 1033 1185 ipso
1070 1124 1391 1167 DELPmNo

113 1191 213 1240 satis
251 1190 495 1257 acquiescit
529 1227 544 1249 ‚
579 1193 640 1235 ita
670 1189 887 1256 Stirpibus
915 1187 1052 1235 hodie
1093 1187 1223 1236 floret
1256 1205 1392 1257 atque

120 1262 237 1310 adeo
272 1275 525 1330 propagata
542 1260 604 1305 est
625 1296 640 1316 ,
680 1274 727 1305 ut
755 1262 896 1306 etiam
923 1257 955 1305 fi
988 1276 1113 1306 novo
1138 1260 1229 1307 hoc
1261 1279 1393 1330 prae-

116 1332 229 1381 fidio
263 1346 466 1389 careret,
504 1347 600 1377 non
642 1344 924 1398 magnopere
952 1348 1100 1397 neque
1137 1334 1212 1389 ei,
1244 1350 1395 1399 neque

116 1404 300 1452 Gallico
332 1404 529 1470 Imperio
567 1400 823 1447 timendum
852 1401 935 1447 effe
969 1402 1227 1448 videretur.
1262 1402 1392 1467 Qd

113 1474 203 1523 hoc
239 1475 345 1520 loco
379 1473 532 1519 dicam
565 1509 580 1530 ‚
618 1474 822 1536 Qrites
857 1479 872 1518 ?
916 1489 1009 1539 quo
1048 1490 1121 1518 me
1161 1488 1335 1520 vertam
1374 1481 1392 1519 ἓ

113 1565 209 1615 quo
244 1542 524 1615 potiffimum
563 1541 861 1612 responsionis
901 1561 1067 1607 genere
1105 1545 1222 1591 mihi
1259 1560 1392 1591 uten-

113 1618 223 1666 dum
255 1624 444 1686 putem?
481 1615 677 1681 Negabo
705 1613 795 1662 hoc
830 1613 913 1661 effe
953 1622 1145 1663 verum?
1183 1625 1228 1663 &
1258 1631 1390 1663 vetu-

115 1690 345 1737 stiffimam
385 1703 572 1753 gentem
614 1691 710 1750 jam
748 1686 804 1734 ad
837 1703 1007 1755 paucos
1046 1686 1271 1734 redaclam
1305 1686 1391 1734 effe

120 1759 396 1808 contendam.
431 1797 445 1817 ,
480 1775 529 1806 ut
560 1762 609 1806 in
651 1776 744 1805 uno
777 1773 953 1805 tantum
995 1773 1073 1805 aut
1102 1759 1247 1806 altero
1283 1757 1392 1805 hae-

114 1831 218 1879 rede
250 1836 340 1894 ejus
367 1829 460 1901 spes
488 1833 638 1878 omnis
669 1847 721 1876 ac
739 1829 905 1877 fiducia
928 1832 1129 1877 nitatur?
1160 1834 1205 1877 O
1239 1834 1314 1877 Bo
1333 1848 1390 1880 R-

114 1921 139 1952 B
155 1920 257 1950 ONI
274 1919 381 1950 cAE
414 1904 626 1951 Familiae
644 1907 844 1948 nomen!
863 1905 911 1948 O
935 1902 1076 1965 longe
1104 1902 1283 1967 lateque
1304 1901 1385 1947 de*

113 1975 298 2022 ἀυᾶὶυηι
331 1991 383 2020 ac
412 1988 715 2042 propagatum
737 2009 751 2031 ,
786 1970 818 2019 s1
854 1989 1074 2040 umquam
1109 1973 1217 2018 alias
1245 2009 1260 2029 ,
1295 1972 1384 2018 hoc

114 2049 355 2115 praecipue
387 2060 590 2114 tempore
626 2040 923 2090 clariffimum
974 2060 1027 2090 ac
1061 2042 1392 2090 nobilissimum

115 2135 256 2183 genus
278 2124 289 2165 Ξ
324 2130 372 2165 ut
400 2133 497 2165 non
524 2118 656 2165 unius
677 2115 847 2161 Gallici
871 2116 1058 2183 Imperii
1077 2113 1246 2163 finibus
1276 2132 1390 2161 con-

763 2189 796 2233 E
1235 2186 1394 2233 cluda-
