1934 2870
424 251 509 310 40
815 222 875 283 O
921 249 955 284 R
1001 249 1034 283 A
1081 242 1124 287 τ’
1156 248 1173 283 1
1220 246 1299 286 ος

422 319 547 363 tiriae
583 313 762 367 motus3
801 325 849 357 ut
886 314 1029 372 mrjor
1079 308 1413 378 propemodum
1436 308 1545 366 ‚esse
1594 324 1691 355 non

426 388 626 457 potuerit
645 420 660 440 ,
685 382 869 448 qualem
899 400 950 428 ac
989 397 1212 449 quantum
1247 386 1296 430 in
1327 399 1379 428 ea
1413 378 1537 427 fuisse
1575 379 1695 426 arbi-

430 457 616 505 tramini
633 492 648 513 ,
683 470 797 520 quae
820 453 990 499 Gallici
1022 456 1228 522 princeps
1249 455 1310 501 est
1325 471 1377 500 ac
1399 452 1694 499 domicilium

429 530 649 598 Imperii?
680 529 850 572 Nonne
882 542 987 571 cum
1019 524 1128 582 illa,
1165 541 1262 575 tum
1301 524 1454 572 Gallia
1489 520 1696 570 universa.

429 600 605 650 exhlire
641 596 811 663 gaudio
849 611 983 663 atque
1021 595 1238 645 exsultare
1268 615 1319 645 ac
1347 613 1488 665 prope
1525 592 1696 641 insani-

433 690 481 720 re
516 671 706 719 debuit?
739 671 794 716 Et
826 671 990 715 merito
1027 666 1213 735 quidem
1245 705 1255 716 .
1287 667 1428 718 Videt
1463 669 1619 722 enim,
1651 672 1698 714 &-

438 744 588 792 multo
620 740 724 789 sane
751 740 943 797 melius,
974 756 1114 807 quam
1146 757 1255 798 nos,
1286 739 1438 787 Gallia
1456 736 1700 807 prospicit,

439 834 535 885 quo
568 814 674 861 loco
705 815 798 875 ejus
826 809 1009 857 fortuna
1052 807 1128 866 fit,
1157 811 1269 877 quid
1298 811 1504 880 publicae
1533 846 1550 867 ,
1583 806 1695 876 quid

436 890 642 957 privatae
679 887 875 930 rationes
894 880 1071 939 ferant,
1107 882 1220 948 quid
1260 899 1409 929 rerum
1428 878 1608 927 suatum
1623 882 1697 926 in-

439 956 590 1014 tersit,
629 954 740 1021 quid
771 956 926 1016 Regni
961 955 1096 1000 torius
1127 953 1293 1000 utilitas
1327 952 1521 1021 postulet
1549 970 1565 1014 3
1610 968 1695 997 nec

440 1041 671 1076 tantorum
701 1039 1077 1070 ornamentorum
1103 1059 1118 1080 ,
1157 1024 1320 1091 quibus
1346 1023 1404 1071 ad
1434 1022 1552 1070 hanc
1571 1022 1695 1069 diem

436 1092 912 1169 praestantiflimorum
946 1098 1141 1159 -Regum
1191 1097 1354 1141 virtute
1389 1111 1443 1142 ac
1479 1092 1693 1141 felicitate

434 1171 622 1218 adaueca
653 1165 740 1213 fuit
774 1183 826 1212 ac
862 1166 1092 1212 cumulata
1116 1201 1131 1222 ,
1170 1164 1379 1214 oblivisci
1414 1166 1557 1234 potest
1596 1182 1607 1210 :
1641 1181 1694 1211 ea.

427 1238 592 1288 assidue
622 1236 682 1282 ob
718 1235 879 1283 oculos
922 1234 1086 1293 habet,
1120 1253 1173 1282 ea
1208 1237 1570 1305 contemplatur,
1607 1253 1693 1282 nec

428 1310 521 1359 fine
555 1306 748 1356 mirifica
771 1305 969 1373 quadam
1008 1308 1155 1353 animi
1188 1307 1420 1375 voluptate
1456 1309 1657 1354 intuetur
1674 1324 1692 1370 3

426 1400 526 1450 quae
561 1381 719 1428 omnia
748 1395 854 1424 cum
883 1381 932 1426 in
960 1376 1049 1424 hoc
1086 1382 1472 1427 BURGUNDIAE
1528 1382 1692 1425 Ducss

428 1454 509 1501 sibi
538 1465 709 1498 retenta
746 1466 798 1494 ac
816 1447 1077 1495 conservata
1093 1446 1252 1494 sentiat
1268 1485 1283 1505 ,
1313 1466 1411 1496 non
1432 1449 1576 1517 potest
1594 1466 1691 1495 non

428 1520 642 1572 inufitato
662 1518 833 1583 gaudio
864 1517 1011 1565 efferri
1038 1536 1090 1566 ac
1111 1518 1380 1566 learabunda
1408 1521 1569 1584 gestire
1589 1556 1599 1567 .
1617 1522 1692 1566 In-

430 1595 616 1658 telligit,
635 1589 751 1640 nihil
766 1586 844 1636 fibi
860 1588 1152 1658 periculosius
1169 1590 1371 1637 accidere
1387 1590 1507 1659 poffe
1519 1628 1534 1648 ,
1549 1608 1690 1657 quam

430 1667 624 1730 longam
672 1661 789 1709 hanc
825 1652 1018 1726 Regum⁰
1035 1660 1220 1709 suorum
1265 1669 1398 1730 atque
1448 1661 1563 1709 adeo
1608 1662 1690 1708 he-

430 1755 565 1785 roum
597 1735 755 1782 seriem
777 1736 967 1780 minime
995 1736 1277 1791 continuari,
1294 1751 1320 1780 a
1340 1751 1429 1800 qua
1446 1731 1690 1802 &ptaescn-

426 1824 518 1855 tem
554 1806 784 1855 fortunam
815 1805 940 1852 suam
977 1804 1212 1870 agnoscit,
1243 1804 1502 1853 &futuram
1535 1804 1688 1872 exspe-

427 1882 514 1925 ctat
539 1897 548 1926 :
584 1895 633 1925 ut
648 1915 662 1936 ,
684 1880 821 1924 etiarn
839 1876 871 1925 fi
892 1875 988 1924 fore
1004 1875 1306 1946 prospiceret,
1345 1891 1394 1922 ut
1430 1867 1586 1924 adulto
1597 1875 1688 1923 hoc

424 1954 816 1999 BuRGuNnrAE
852 1953 1016 1996 Duce
1053 1965 1216 2017 parum
1256 1948 1512 1995 commodo
1547 1984 1562 2004 ,
1610 1960 1686 1993 aut

420 2038 603 2089 propter
637 2024 844 2089 inopiam
871 2017 1048 2069 consilii
1068 2058 1083 2078 ,
1120 2035 1197 2066 aut
1216 2021 1306 2066 alia
1326 2019 1380 2066 de
1402 2018 1530 2067 causa
1546 2056 1561 2077 ,
1592 2032 1686 2064 ute-

422 2108 567 2150 retur,
596 2110 692 2140 non
724 2093 898 2139 idcirco
919 2108 1070 2140 tamen
1089 2095 1138 2139 in
1163 2096 1253 2154 ejus
1286 2107 1388 2138 ortu
1416 2090 1494 2138 fibi
1532 2091 1682 2136 minus

419 2162 680 2214 laetandum
718 2163 802 2212 effe
833 2183 885 2214 ac
918 2162 1212 2232 gaudendum
1229 2163 1529 2211 existimaret.
1557 2163 1682 2207 Tan-

1640 2245 1682 2276 ta
