1934 2870
581 148 644 210 O
689 174 721 209 R
769 174 802 211 A
850 175 879 210 T
925 175 944 210 1
989 176 1058 213 o.
1379 173 1448 233 15

189 248 307 285 clem
339 232 504 282 habet'
542 251 659 301 quae
692 235 965 299 magnitudo
1002 233 1250 283 fluminum
1281 242 1290 282 !
1333 255 1454 305 quae

186 305 484 354 commoditas
503 312 752 373 portuum!
782 325 897 375 quae
915 307 1211 376 pulchritudo
1234 307 1450 356 urbium
1440 316 1450 341 ⁸

186 396 301 446 quae
327 375 559 424 celebritas
591 378 904 447 oppidorum!
937 382 1018 447 qui
1050 383 1175 444 agri!
1206 397 1345 447 quam
1368 397 1452 426 na-

185 464 281 496 tura
309 449 496 495 uberes!
537 467 676 516 quam
705 450 923 498 industria
955 451 1225 518 culturaque
1254 449 1451 498 feraces'
1439 484 1455 497 .

184 536 233 567 ut
266 517 534 567 fortunatiff
540 538 613 568 ma
638 539 749 586 gens
778 525 828 569 in
856 522 1035 569 summa
1069 539 1220 569 rerum
1239 526 1452 570 omnium

181 591 459 639 abundantia
485 590 811 661 affluentiaque
847 594 1075 643 versetur.
1114 597 1270 641 Mores
1298 609 1453 641 autem

179 662 425 711 hominum
445 664 600 732 quales
621 663 730 724 sint,
753 665 880 733 quod
900 667 1160 714 incolarum
1180 667 1453 731 ingenium,

180 752 297 802 quae
327 735 471 783 studia
508 737 814 804 plurimarum
862 739 1027 785 artium
1081 754 1216 805 atque
1251 740 1454 806 optima-

180 824 310 864 rum,
333 807 445 875 quid
476 824 549 855 me
564 812 722 856 attinet
751 816 1144 857 commemorare?
1181 826 1288 856 cum
1320 826 1371 855 ea
1400 811 1453 856 in

179 878 309 929 Urbe
340 877 566 925 versemur
593 916 607 936 ,
645 883 693 927 in
726 899 815 947 qua
849 881 961 926 bene
999 882 1167 928 multos
1201 899 1254 926 ex
1290 882 1450 948 primis

178 949 413 997 ordinibus
453 948 752 998 nobiliffimae
779 953 981 998 nationis
1016 949 1350 1019 speetatiffimos
1384 965 1450 997 at·-

178 1039 266 1088 que
295 1019 595 1068 ornatiffimos
626 1025 744 1068 viros
779 1022 981 1090 quotidie
1016 1023 1075 1069 ob
1092 1022 1252 1069 oculos
1282 1021 1451 1069 habea-

176 1110 276 1139 mus
309 1131 323 1151 ,
377 1111 430 1139 ex
468 1092 630 1159 quibus
663 1092 796 1140 facile
835 1093 889 1140 de
924 1093 1208 1160 reliquorum
1245 1093 1405 1140 indole
1430 1129 1446 1149 ‚

175 1166 410 1222 moribus,
448 1163 686 1222 doetrina,
715 1165 945 1228 elegantia
967 1202 982 1222 ,
1019 1165 1300 1211 humanitate
1337 1181 1450 1211 con-

169 1238 391 1297 jecsturam
437 1252 595 1302 capere
629 1233 842 1302 possimus
887 1273 897 1283 .
953 1238 1163 1283 Omnino
1200 1238 1291 1293 ejus
1326 1252 1443 1299 gen-

177 1310 230 1353 tis
262 1308 348 1353 tale
373 1321 640 1386 tantumque
660 1309 903 1371 ingenium
919 1306 1095 1375 semper
1111 1305 1197 1354 fuit
1216 1343 1230 1365 ,
1259 1323 1312 1353 ea
1334 1306 1446 1353 Gal-

178 1378 328 1424 lorum
359 1379 502 1423 animi
539 1379 637 1433 νίς,
676 1393 723 1423 ut
762 1378 819 1424 ad
848 1377 1025 1424 summa
1058 1396 1265 1445 quaeque
1299 1395 1325 1424 a
1360 1395 1444 1424 na-

176 1463 274 1496 tura
307 1448 410 1495 facti
443 1451 785 1515 comparatique
818 1475 832 1506 ,-
870 1451 921 1496 in
959 1466 1299 1517 quamcumque
1336 1465 1441 1517 par-

176 1535 266 1567 tem
294 1519 336 1567 se
369 1518 606 1577 dederint,
644 1529 687 1568 ὃς
714 1518 803 1567 live
835 1520 893 1566 ad
922 1523 1044 1589 pacis
1075 1537 1210 1587 atque
1241 1522 1356 1578 otii,
1391 1518 1444 1567 si-

176 1610 229 1640 ve
257 1593 314 1639 ad
353 1590 460 1638 belli
499 1607 636 1658 arque
674 1608 909 1638 armorum
943 1590 1088 1639 studia
1121 1591 1444 1649 incubuerint,

176 1678 253 1710 aut
285 1664 454 1732 primas
488 1667 717 1710 tenuerint
744 1701 758 1721 ,
797 1679 875 1710 aut
909 1678 1026 1710 certe
1068 1660 1443 1732 praestantiffimis

175 1733 512 1802 cultiffimisque
546 1739 681 1781 totius
700 1740 906 1802 Europae
925 1735 1184 1782 nationibus
1198 1734 1316 1782 nihil
1337 1752 1442 1782 um-

175 1824 314 1874 quam
347 1822 452 1851 vera
485 1805 540 1851 de
569 1806 700 1853 laude
739 1806 1034 1853 concesserint
1054 1844 1065 1855 .

318 1880 403 1923 His
449 1875 637 1943 alilsque
680 1878 1032 1946 quamplurimis
1076 1895 1167 1944 qua
1218 1891 1438 1935 naturae,

176 1965 266 2015 qua
304 1948 548 1994 industriae
582 1947 778 1995 subsidiis
799 1949 1030 1996 Gallicum
1048 1951 1295 2016 Imperium
1331 1948 1442 1994 hac-

177 2034 305 2066 tenus
346 2022 498 2081 viguit
541 2035 551 2065 :
596 2037 710 2086 quae
748 2038 853 2066 cum
893 2021 1154 2088 praeclara,
1193 2034 1289 2064 tum
1330 2037 1440 2066 vero

176 2090 231 2137 ad
250 2090 566 2138 stabiliendam
592 2091 1046 2159 confirmandamque
1073 2091 1439 2139 dominationem

1359 2163 1443 2211 effe
