1934 2870
603 184 664 246 Ο
710 212 741 247 R
788 213 821 248 A
869 215 898 249 T
945 216 962 251 1
1008 219 1072 253 o.
1405 223 1480 285 17

207 279 390 329 stiterit.
426 269 554 338 Qd
584 275 710 320 enim
745 275 1084 336 aerumnosius,
1122 281 1262 346 quam
1291 297 1344 328 ex
1363 282 1467 333 bea-

205 364 255 398 to
286 346 451 397 miser?
489 361 596 393 cuin
631 345 909 414 praesentem
944 353 1280 414 aegritudinem
1324 357 1467 407 animi

203 422 485 490 superiorum
512 432 773 487 temporum
800 426 1025 468 memoria
1060 441 1156 470 non
1184 422 1331 474 solum
1368 444 1465 479 non

200 493 322 541 levet
340 531 356 551 ‚
393 491 467 539 sed
496 493 634 537 etiam
661 508 714 536 ex
742 492 970 560 utriusque
998 492 1205 543 fortunae
1223 535 1238 556 ‚
1277 515 1383 547 cum
1405 499 1471 548 se..

198 563 375 612 cundae
411 601 426 621 ‚
464 580 555 630 qua
590 579 736 630 nuper
769 565 922 623 stetit³
963 580 1057 614 tum
1098 568 1338 629 adversae,
1375 590 1468 640 qua

197 637 340 684 modo
359 640 510 700 jacet,
549 636 666 682 inter
698 632 741 680 se
774 640 1100 698 contentione,
1138 643 1286 691 multo
1315 648 1466 692 acrio-

195 717 295 757 ‘tem
323 725 457 776 atque
489 706 770 754 acerbiorem
800 707 994 757 efficiat.
1344 711 1367 714 “
1456 756 1459 758 ,

339 779 426 827 Sed
467 779 579 846 quid
628 777 810 827 tandem
844 782 961 829 illud
995 785 1056 831 est
1091 786 1106 842 ζ
1157 787 1283 855 quod
1323 794 1470 839 unum'

192 853 224 902 fi
264 852 566 908 desideretur,
606 866 780 898 caetera
812 857 945 919 regni
979 859 1151 924 optime
1188 862 1467 926 quantumli-

191 925 266 973 bet
305 925 537 970 constituti
585 938 854 970 ornamenta
892 941 1026 993 atque
1065 929 1283 997 praesidia
1315 950 1460 1002 prope

190 997 321 1045 nulla
348 987 500 1042 futura
535 991 654 1040 smt?
685 998 819 1056 jam,
857 999 1056 1064 opinor,
1094 1005 1251 1049 animo
1282 1008 1458 1072 praeci-

185 1071 322 1138 pitis,
361 1067 565 1131 Qrites
592 1104 607 1124 ,
646 1067 771 1133 quod
805 1067 1001 1116 dicturus
1034 1069 1132 1120 sum
1166 1111 1179 1131 ‚
1217 1083 1261 1122 δε
1295 1113 1309 1133 ,
1357 1095 1452 1145 quo

187 1157 289 1188 mea
317 1153 534 1187 contento
567 1138 695 1184 cursu
730 1136 909 1186 festinat
944 1145 1091 1188 oratio
1121 1182 1135 1202 ,
1175 1149 1458 1209 cogitatione

184 1211 267 1281 ipsi
304 1212 446 1258 vestra
477 1213 574 1271 jam
610 1213 873 1277 pervenistis
909 1247 921 1258 .
975 1213 1096 1260 Illud
1132 1219 1258 1263 enim
1299 1218 1453 1266 videre

184 1301 264 1332 vos
297 1283 487 1330 arbitror
534 1280 761 1349 planeque
795 1281 1042 1351 perspicere
1081 1323 1096 1344 ,
1134 1287 1250 1334 nihil
1286 1307 1454 1360 prope-

182 1354 371 1401 modum
389 1370 527 1420 opeS,
559 1352 910 1420 amplitudinem
930 1392 945 1411 ,
977 1362 1262 1423 potentiam,
1297 1380 1451 1411 rerum

180 1426 409 1490 gestarum
440 1422 609 1469 famam
641 1421 879 1491 profutura
915 1463 929 1483 ,
968 1427 1050 1473 nifi
1080 1432 1256 1498 praesto
1292 1431 1343 1479 fit
1377 1437 1413 1480 is
1432 1428 1452 1492 ,⁷

178 1500 254 1544 cui
286 1498 367 1544 ista
400 1495 751 1563 relinquantur,
791 1498 963 1564 quique
997 1514 1063 1545 tot
1099 1502 1321 1570 tantisque
1350 1523 1450 1553 ma-

169 1573 324 1633 jorum
364 1567 545 1616 suorum
581 1564 808 1636 praesidiis
841 1570 1111 1630 instructus,
1149 1582 1191 1622 ὃς
1230 1593 1353 1623 nova
1387 1578 1444 1625 ad

175 1640 582 1710 amplificationem
622 1642 808 1708 Imperii
844 1658 1089 1707 quaerere,
1128 1654 1171 1693 ὃς
1202 1648 1349 1695 multo
1381 1650 1449 1697 la·-

174 1714 281 1760 bore
298 1729 424 1781 parta
457 1728 590 1779 atque
610 1710 806 1779 quaelita
830 1716 943 1759 tueri
973 1733 1024 1762 ac
1055 1716 1318 1766 conservare
1341 1721 1444 1789 pos-

172 1783 252 1832 fit:
291 1788 372 1852 qui
397 1783 428 1831 si
449 1783 588 1841 defit,
625 1798 703 1829 aut
731 1787 969 1852 repentino
997 1787 1152 1855 aliquo
1179 1791 1279 1838 casu
1312 1794 1440 1842 abla-

170 1872 273 1913 tus,
312 1870 389 1902 aut
417 1870 602 1924 propter
636 1859 887 1919 conjugum
923 1860 1202 1910 sterilitatem
1241 1870 1436 1913 omnino

167 1944 423 1994 numquam
442 1927 663 1994 susceptus
678 1964 692 1984 ,
707 1927 817 1994 quid
835 1929 960 1976 aliud
982 1931 1326 2000 exspectanduin
1351 1939 1440 1996 est,

168 1998 251 2047 nisi
289 1999 408 2046 bella
443 2037 458 2058 ‚
496 1999 715 2046 tumultus
754 2013 887 2067 atque
923 2001 1098 2049 dissidia
1133 2012 1146 2049 ?
1202 2023 1318 2073 quae
1359 2009 1436 2057 etsi

167 2070 433 2136 gravissima
484 2070 605 2118 mala
660 2068 744 2117 smt
790 2072 939 2118 multo
978 2075 1152 2121 leviora
1197 2092 1347 2125 tamen
1385 2097 1439 2128 ac

168 2143 478 2191 tolerabiliora
502 2141 697 2207 judicari
732 2140 897 2189 debent
924 2180 939 2202 ‚
975 2144 1007 2195 fi
1047 2164 1073 2194 a
1107 2151 1260 2217 Regni
1298 2149 1431 2218 ipsius

815 2218 856 2262 C
1293 2225 1438 2270 exitio
