1934 2870
457 247 544 296 '20
850 228 911 288 O
957 255 990 289 R
1039 251 1070 289 A
1118 250 1147 289 τ
1192 253 1209 291 1
1254 251 1324 290 οε

458 319 603 369 Mitto
640 317 814 381 igitur,
833 330 948 382 quae
978 318 1092 362 mari
1124 316 1324 384 plurima
1344 312 1730 385 celeberrimaque

459 388 686 455 gesserunt
702 408 717 451 3
755 390 888 435 mitto
907 424 921 444 ‚
951 405 1068 455 quae
1101 404 1221 434 extra
1241 392 1498 456 Europam,
1530 406 1646 456 quae
1678 391 1728 434 in

463 460 569 509 Afia
588 498 601 517 ,
642 457 800 507 Africa
821 497 834 516 ,
865 475 998 526 atque
1028 461 1241 506 America
1262 499 1277 518 ‚
1303 476 1351 507 ut
1383 460 1535 507 nullus
1562 477 1730 528 prope-

463 531 656 580 modum
687 533 735 578 in
770 546 866 577 toto
898 545 1117 578 terrarum
1153 532 1258 579 orbe
1303 533 1428 579 locus
1463 531 1577 578 adeo
1603 534 1732 578 inac-

467 603 603 651 ceffus
638 621 689 650 ac
718 601 928 672 sepositus
957 601 1037 661 sir,
1071 621 1150 650 ora
1187 603 1316 651 nulla
1351 618 1443 649 tam
1473 604 1734 670 longinqua.

470 691 605 743 atque
631 671 800 722 deserta
817 713 831 733 ,
859 692 953 742 quo
982 678 1185 722 victricia
1213 676 1454 722 Gallorum
1488 691 1615 721 arma
1636 690 1734 721 non

467 748 745 817 penetrarint
768 784 779 794 .
810 749 871 794 At
898 745 1008 792 haec
1027 763 1207 793 externa
1226 746 1326 794 sunt
1345 783 1355 793 .
1395 745 1521 806 Quid
1548 746 1629 793 illa
1650 744 1732 791 do·-

468 819 686 866 mestica?
719 834 858 884 quam
887 817 1100 864 diuturna
1133 817 1343 864 fuerunt!
1376 834 1515 884 quam
1547 817 1740 882 acerba!⁴

467 907 608 958 quam
639 887 871 937 lucii-uosa!
909 905 1049 955 quam
1085 887 1213 957 saepe
1251 889 1273 956 (
1305 888 1429 956 quod
1469 886 1612 943 fatum
1650 890 1738 936 fuit

466 965 677 1008 omnium
708 963 838 1006 omni
876 976 1079 1028 tempore
1116 962 1395 1028 populorum
1430 960 1547 1005 triste
1581 977 1632 1006 ac
1671 959 1741 1005 la-

469 1031 717 1098 crymabile
735 1032 756 1099 )
777 1031 846 1076 illi
875 1029 954 1099 ipsi
984 1034 1130 1099 opimi
1149 1048 1199 1076 ac
1225 1029 1391 1077 feraces
1413 1030 1592 1076 Galliae
1614 1047 1739 1077 cam-

467 1108 516 1173 pi
539 1141 553 1160 ‚
591 1105 670 1170 qui
698 1101 867 1169 saepius
901 1100 1132 1148 caesorum
1163 1101 1362 1148 hostium
1381 1118 1541 1148 cruore
1572 1101 1740 1148 redun-

468 1175 665 1231 darunt,
706 1175 838 1219 civili
873 1171 1093 1237 sanguine
1132 1172 1405 1220 maduerunt
1451 1179 1460 1220 !
1491 1176 1593 1234 Jam
1628 1190 1738 1220 vero

465 1261 533 1292 tot
570 1262 621 1291 ac
664 1260 754 1290 ram
792 1247 915 1291 varia
953 1262 1122 1308 genera
1156 1245 1383 1292 bellorum
1415 1281 1429 1301 ,
1467 1259 1558 1290 tam
1595 1245 1737 1308 longe

467 1318 649 1382 lateque
685 1313 842 1362 diffusa
873 1354 886 1373 ,
923 1313 1118 1362 conflata
1154 1333 1207 1361 ex
1237 1314 1557 1383 potentissimis
1589 1319 1736 1362 natio-

464 1389 599 1437 nibus
644 1404 696 1433 ac
729 1385 1073 1434 bellicosissimis
1092 1386 1302 1449 gentibus
1323 1424 1336 1444 ,
1365 1388 1614 1445 terrestria,
1642 1405 1738 1434 ma·-

464 1461 647 1514 timna,
685 1472 897 1516 externa,
936 1458 1127 1514 civilia,
1170 1460 1427 1504 taeterrima
1454 1461 1614 1506 omnia
1651 1477 1736 1527 pe-

464 1526 871 1596 riculofissimaque
885 1567 898 1587 ,
916 1546 1227 1596 numquamne
1246 1531 1492 1598 Imperium
1511 1529 1600 1576 hoc
1621 1547 1736 1576 con-

467 1616 649 1658 cutere,
687 1617 1001 1668 numquamne
1039 1599 1303 1647 labefacffiare
1347 1600 1534 1668 potuiffe
1565 1608 1579 1646 ?
1618 1599 1735 1649 sem-

465 1690 603 1741 perne
640 1671 695 1718 ab
723 1673 883 1719 ultima
915 1670 1052 1739 usque
1086 1673 1221 1740 stirpe
1250 1686 1382 1739 atque
1404 1675 1585 1736 origine
1611 1673 1734 1719 idem

466 1742 665 1790 manfisse
688 1749 698 1789 !
728 1742 919 1790 floruisse
936 1743 1136 1811 semper!
1172 1758 1304 1810 arque
1327 1742 1380 1789 ad
1406 1760 1596 1790 aetatem
1614 1743 1732 1791 hanc

465 1815 665 1862 nostram
701 1833 796 1862 non
825 1815 966 1862 modo
996 1833 1092 1862 non
1123 1818 1421 1861 imminutum
1443 1852 1456 1870 ,
1494 1814 1567 1861 sed
1601 1819 1732 1863 novis

462 1884 650 1934 subinde
683 1889 1028 1954 provinciarum
1061 1901 1194 1953 arque
1231 1886 1345 1932 adeo
1377 1904 1626 1950 regnorum
1656 1905 1734 1933 ac-

466 1955 737 2004 cessionibus
757 1962 936 2006 audium
955 1974 1088 2025 atque
1108 1957 1437 2025 amplificatum
1461 1957 1727 2026 perduraffe!

465 2027 591 2090 Qd
611 2028 700 2075 hoc
719 2029 779 2075 est
793 2067 806 2086 ,
821 2032 1018 2092 Qrites
1032 2036 1046 2074 ?
1062 2046 1200 2095 quam
1218 2036 1418 2075 novum!
1442 2048 1579 2097 quam
1597 2033 1731 2076 inau-

461 2099 609 2145 ditum
631 2105 641 2145 !
684 2118 821 2167 quam
844 2099 1102 2150 inufitatum
1123 2105 1132 2146 !
1169 2117 1307 2167 quam
1325 2098 1546 2165 singulare
1570 2106 1581 2146 ἔ
1600 2096 1729 2166 'quid

464 2168 696 2217 dicemus?
729 2189 865 2240 quam
894 2175 1121 2218 rationem
1152 2170 1332 2232 hujusce
1352 2175 1416 2217 rei
1449 2172 1728 2236 excogitabi-

464 2255 562 2288 mus
581 2249 594 2288 ?
612 2240 720 2309 quid
739 2241 892 2289 causae
915 2241 1037 2290 fuisse
1058 2241 1371 2288 arbitrabimur
1389 2249 1404 2287 Ξ
1520 2237 1525 2239 ‚
1618 2246 1717 2307 Ego
