1934 2870
580 173 643 234 O
689 198 722 234 R
772 197 805 232 A
853 196 883 233 T
930 197 946 232 1
994 199 1027 234 0
1052 218 1065 234 .
1379 196 1412 238 2
1431 199 1454 239 1

329 262 428 325 Ego
448 260 558 307 vero
575 296 588 317 ,
615 259 713 327 post
731 260 821 306 Dei
840 261 1019 327 Optimi
1038 258 1236 306 Maximi
1254 256 1268 314 ζ
1293 263 1453 306 omnia

185 330 500 403 sapientissime
540 331 816 378 moderantis
850 348 902 378 ac
932 330 1226 395 gubernantis
1255 367 1269 386 ‚
1306 328 1455 377 confi-

185 408 330 460 lium,
358 402 404 450 id
435 402 716 471 potissimum
751 418 991 471 perpetuae
1024 401 1206 450 cuidam
1253 419 1306 448 ac
1346 401 1450 470 pla-

183 493 239 525 ne
275 475 533 522 admirabili
567 478 819 538 Regiarum
852 477 900 522 in
920 475 1072 522 Gallia
1106 476 1314 543 stirpium
1348 490 1455 542 pro-

180 550 418 617 pagationi
456 545 798 595 adscribendum
836 562 976 615 puto,
1027 549 1144 612 Qs
1181 548 1340 602 enim,
1376 560 1454 592 aut

181 620 262 667 effe
291 619 458 666 fae-tum
482 658 496 677 ,
532 635 608 667 aut
648 619 745 667 fieri
778 620 970 688 potuiss‘e
1007 618 1238 676 censeret,
1279 632 1327 664 ut
1358 620 1455 666 Re-

180 709 327 756 gnum
357 706 448 738 tam
475 693 698 739 vetustum
731 708 783 737 ac
813 691 1080 739 diuturnum
1099 728 1113 748 ,
1143 695 1265 753 cujus
1285 687 1454 736 funda-

178 780 332 810 menta
350 763 455 810 inde
476 763 612 830 usque
643 782 668 810 a
697 761 876 811 saeculo
905 766 1066 830 quinto
1088 765 1204 825 jacsta
1227 761 1341 819 fint‚
1372 762 1450 806 tri-

180 835 259 882 bus
290 836 611 883 tantummodo
642 838 874 899 regiarum
907 836 1202 882 Familiarum
1235 831 1445 901 stirpibus

179 910 488 953 contineretur
519 915 532 952 ?
569 910 713 973 Atqui
750 910 812 952 ita.
849 908 909 952 est
939 944 953 963 ,
987 909 1186 967 Quirites
1218 923 1227 951 :
1265 919 1442 971 praeter

178 978 256 1025 has
276 994 387 1035 tres,
418 996 528 1044 quas
546 978 638 1024 dixi
657 1015 670 1034 ,
700 979 853 1046 stirpes
875 1014 890 1033 2
922 979 1330 1039 Merovingiorum
1349 977 1445 1043 pri-

179 1067 304 1096 mam
325 1087 340 1107 ,
373 1049 699 1096 Carolinorum
719 1050 909 1096 alteram
931 1087 945 1107 ,
980 1051 1340 1116 Capetianorum
1359 1063 1447 1093 ter-

177 1125 319 1179 tiam,
351 1122 531 1169 nullam
563 1124 758 1168 omnino
787 1121 926 1168 aliam
952 1123 1181 1188 reperietis
1199 1156 1213 1175 ,
1244 1137 1360 1186 quae
1381 1135 1448 1163 re·-

177 1197 259 1259 gio
281 1196 470 1240 nomine
490 1197 651 1255 acjure
673 1207 789 1238 totos
808 1192 936 1239 mille
955 1209 1007 1237 ac
1031 1204 1251 1237 trecentos
1274 1227 1287 1246 ,
1325 1198 1368 1236 &
1390 1206 1447 1235 eo

179 1265 374 1333 amplius
407 1281 549 1310 annos
570 1263 728 1309 vGallis
760 1265 1057 1332 imperitant.
1093 1266 1147 1309 Et
1176 1263 1325 1329 prima
1343 1263 1447 1328 qui-

178 1337 284 1384 dem
305 1373 320 1392 ,
355 1338 478 1396 cujus
498 1338 652 1381 audior
669 1338 943 1383 Merovaeus
961 1333 1048 1381 fuit
1064 1371 1078 1390 ‚
1111 1333 1166 1379 ab
1184 1350 1307 1379 anno
1331 1350 1447 1400 qua-

176 1404 531 1471 dringentefimo
568 1404 915 1472 quadragesimo
946 1409 1111 1453 oeiavo
1139 1421 1336 1467 regnum
1367 1421 1451 1450 au-

176 1479 343 1547 spicata
376 1514 390 1534 ,
434 1476 490 1524 ad
526 1475 973 1544 septingentesimum
1012 1473 1449 1544 quinquagesimum

175 1548 421 1598 secundum
457 1551 647 1613 viguit:
688 1549 861 1607 altera,
900 1566 1015 1616 quae
1053 1548 1385 1593 Carolinorum
1423 1565 1449 1593 a

176 1622 349 1669 Carolo
379 1620 463 1668 illo
493 1624 676 1684 Magno
695 1657 709 1677 ,
748 1624 798 1668 in
831 1637 971 1689 quem
1001 1624 1267 1668 Romanum
1298 1617 1448 1686 ipsum

175 1695 423 1761 Imperium
459 1693 724 1740 translatum
757 1691 872 1750 fuit,
914 1694 975 1740 est
1013 1692 1241 1760 appellata
1272 1728 1285 1748 ,
1321 1695 1446 1752 cujus

175 1766 335 1812 Caroli
362 1780 488 1832 pater
522 1767 703 1832 Pipinus
749 1766 898 1812 statim
934 1781 960 1809 a
997 1767 1172 1832 primae
1211 1765 1444 1808 exactione

173 1837 315 1904 stirpis
335 1853 523 1899 regnare
547 1839 710 1904 coepit,
741 1836 796 1884 ad
825 1854 999 1884 annum
1036 1833 1442 1899 nongentesimum

175 1906 504 1970 offlogeiimum
554 1906 795 1975 septimum
837 1924 1054 1976 perpetua
1091 1909 1236 1973 stirpis
1272 1903 1447 1951 succes-

175 1977 298 2026 fione
328 1981 579 2047 pertinuit.
609 1979 737 2035 Quid
759 1997 868 2027 vero
891 1984 1020 2026 tertia
1041 2017 1054 2037 ,
1086 1981 1294 2046 priorum
1328 1977 1442 2024 dua—

175 2068 276 2097 rum
313 2051 453 2114 longe
487 2048 727 2096 clarissima
748 2067 798 2097 ac
817 2051 1123 2107 nobilissima,
1161 2050 1444 2116 Capetiano-

177 2129 304 2169 rum?
327 2125 428 2186 Jam
460 2119 680 2169 subduffls
709 2120 945 2171 vobiscum
975 2121 1223 2170 rationibus
1253 2123 1444 2178 tenetis,

1286 2195 1450 2254 Qri..
