1934 2870
533 173 595 234 O
643 199 677 233 R
723 198 756 232 A
804 196 832 232 Τ
879 197 896 232 1
942 196 977 233 o
997 216 1012 232 .
1101 248 1106 253 ‘
1328 197 1404 255 39

136 258 486 316 sollicitudinis,
523 256 623 305 satis
666 254 871 326 profesto
909 256 1147 305 Ludovico
1179 256 1267 304 illo
1296 260 1379 307 Ma

137 350 235 399 gno
254 368 270 392 ,
304 333 382 399 qui
413 329 596 377 tandem
625 329 874 398 aliquando
907 328 1112 399 precibus
1140 331 1409 397 impetratus

63 400 67 402 ’
138 404 251 463 fuit,
290 417 424 469 atque
455 402 631 449 abunde
674 400 1019 470 compensatum
1039 437 1050 448 .
1084 403 1230 448 Facite
1259 403 1405 466 igitur

135 478 284 545 potius
302 511 316 532 ‚
333 475 535 537 Qrites
556 512 570 531 ,
607 488 656 519 ut
693 472 748 520 ab
781 491 836 521 eo
865 475 988 521 lutilu
1007 491 1059 521 ac
1073 489 1281 520 moerore
1303 475 1407 520 ani-

135 563 233 593 mos
270 547 435 595 vestros
469 545 525 593 ad
557 543 761 614 praesens
795 543 885 593 hoc
920 545 1143 610 gaudium
1177 560 1311 613 atque
1340 544 1398 592 ad

134 618 252 668 hanc
283 633 511 665 recentem
546 617 766 665 laetitiam
807 616 1048 665 traducatis
1070 655 1080 665 .
1115 618 1242 683 Qd
1275 619 1402 664 enim

136 689 216 743 fibi
248 690 346 739 vult
374 690 455 736 ista
474 705 596 737 tanta
627 689 863 737 exsultatio
892 728 907 749 ,
942 708 1032 758 qua
1064 689 1401 758 propemodum

135 776 229 812 tota
260 762 360 809 urbs
395 761 566 810 sedibus
589 759 681 812 ,suis
719 763 1005 810 commoveri
1044 761 1138 809 visa
1166 763 1252 809 est?
1286 760 1399 829 quid

136 847 364 904 equorum
399 834 471 880 illi
503 832 651 880 cursus
685 831 969 898 significant,
1001 849 1124 880 tanta
1162 850 1330 902 pompa
1348 850 1400 879 ac

137 906 392 975 frequentia
436 906 647 952 celebrati
676 913 690 951 ?
718 905 827 973 quid
866 902 1250 973 apparatiffimum
1288 922 1402 971 epu-

134 980 232 1026 lum
265 1015 279 1035 ,
317 991 444 1023 tanto
476 977 713 1045 splendore
746 994 798 1022 ac
835 980 961 1040 regia
1005 977 1137 1044 plane
1187 975 1407 1040 magnifi—

134 1052 282 1098 centia
303 1049 607 1095 exstrutstum?
639 1048 751 1116 quid
786 1047 943 1094 scenae
982 1048 1089 1094 illae
1126 1044 1403 1111 elegantiffi-

133 1139 235 1170 mae
258 1159 272 1180 ,
301 1129 344 1168 &
376 1117 619 1167 laetissimis
650 1120 838 1167 vocibus
865 1117 1180 1186 personantes?
1202 1118 1311 1185 quid
1327 1117 1407 1164 de-

135 1197 276 1261 nique
295 1206 361 1238 tot
381 1209 571 1238 munera
588 1192 765 1258 Populo
787 1195 1002 1239 Romano
1016 1189 1117 1235 data
1137 1188 1369 1240 declarant
1389 1196 1403 1234 ?

134 1264 360 1331 Equidem
395 1279 491 1309 non
525 1260 693 1319 video,
731 1260 844 1329 quid
877 1277 954 1308 aut
980 1259 1035 1307 ad
1050 1260 1270 1307 laetitiam
1287 1259 1406 1307 hila-

136 1339 226 1383 rius
247 1372 261 1392 ,
300 1348 375 1380 aut
394 1333 450 1379 ad
466 1348 732 1400 apparatum
762 1334 1015 1379 instructius
1034 1368 1049 1389 ,
1087 1346 1163 1378 aut
1196 1329 1253 1378 ad
1287 1332 1406 1379 libe-

135 1407 360 1454 ralitatem
388 1401 654 1450 sumtuofius
691 1418 825 1471 atque
863 1402 1137 1471 splendidius
1159 1406 1312 1450 Roma
1330 1406 1402 1449 vi-

133 1478 237 1525 dere
260 1474 484 1545 potuisset,
506 1472 537 1521 sl
553 1476 652 1543 post
669 1475 860 1540 longam
879 1489 1095 1521 votorum
1117 1472 1405 1541 exspectatio-

134 1567 242 1598 nem
277 1552 311 1594 is
341 1546 528 1593 demum
554 1546 669 1593 filius
687 1550 949 1617 impetratus
968 1544 1095 1602 effer,
1122 1547 1170 1590 in
1193 1562 1287 1611 quo
1308 1561 1403 1591 uno

136 1624 270 1668 totius
305 1621 461 1682 Regni
487 1616 600 1664 salus
639 1634 773 1686 atque
822 1617 1114 1664 incolumitas
1145 1618 1407 1662 continere-

136 1709 234 1740 tur.
260 1694 495 1737 Nimirum
532 1707 755 1755 magnum
790 1689 1045 1757 quiddam,
1081 1704 1133 1734 ac
1171 1705 1312 1756 prope
1348 1687 1405 1734 ad

136 1764 306 1811 Gallici
327 1764 512 1831 Imperii
539 1761 804 1809 felicitatem
826 1759 1190 1809 constituendam
1208 1758 1401 1806 necessa-

140 1838 260 1883 tium
295 1870 309 1890 2
343 1837 391 1881 in
434 1832 521 1879 hoc
574 1838 971 1883 SEREleerO
1010 1837 1403 1880 BURGUNDIAE

137 1911 300 1954 Duch¹
334 1923 360 1951 a
391 1909 493 1951 Deo
528 1905 732 1953 oblatum
766 1902 848 1952 effe
867 1903 1112 1952 dicendum
1135 1903 1226 1958 est,
1251 1917 1401 1967 quan-

138 1976 386 2044 doquidem
414 1973 542 2037 hujus
568 1994 688 2023 ortus
719 1991 890 2023 tantam
923 1975 1135 2022 omnibus
1172 1970 1297 2018 affert
1328 1976 1403 2033 ju-

139 2047 416 2095 cunditatem
436 2084 449 2103 ,
481 2046 701 2114 tantisque
726 2046 1110 2110 gratulationibus
1155 2062 1207 2089 ac
1238 2061 1403 2090 mune-

142 2121 260 2167 ribus
293 2119 572 2167 celebratur.
611 2118 752 2182 Qod
786 2116 818 2164 st
850 2121 886 2165 is
906 2116 993 2164 fuit
1011 2120 1059 2164 in
1077 2115 1162 2164 hac
1182 2116 1289 2164 urbe
1310 2115 1402 2160 lea-

1281 2201 1404 2233 ntiae
