1934 2870
440 246 519 289 22
832 220 897 281 O
940 246 973 283 R
1019 245 1053 281 A
1100 245 1128 281 τ
1178 246 1203 281 1.
1241 247 1275 284 o
1295 244 1318 282 .“

436 311 673 375 Qrires,
712 307 1004 376 postremam¹
1024 305 1143 355 hanc
1177 307 1361 377 stirpem
1380 345 1395 367 ,
1446 306 1505 354 ab
1532 305 1709 370 Ugone

438 387 614 450 Capeto
651 377 707 427 ad
744 376 868 426 hunc
899 383 1186 429 Lunovicum
1218 383 1464 428 Decimum
1480 381 1714 444 Qintum

440 457 524 500 toti
546 451 726 499 Galliae
758 450 902 499 modo
938 449 1130 499 feliciter
1156 454 1457 521 imperantem
1475 489 1489 509 ,
1516 448 1710 496 incredi-

439 525 520 573 bili
551 524 748 592 quadam
785 521 1080 587 longissimae
1109 522 1394 572 successionis
1414 525 1712 593 perpetuitate

437 595 563 646 fiiisse
596 610 898 664 propagatam
924 632 934 643 .
973 601 1019 643 O
1051 612 1146 643 rem
1167 614 1340 645 novam
1377 595 1554 665 prorsus
1576 608 1711 659 atque

438 668 756 717 admirabilem
780 705 794 725 ‚
838 677 883 716 &
915 667 1092 715 Galliae
1110 666 1247 715 solius
1265 671 1498 737 propriam
1531 683 1583 712 ac
1624 670 1714 711 iin-

439 741 652 806 gularem
685 746 694 786 !
747 744 952 807 Ecquam
985 755 1204 803 gentem,
1244 757 1437 807 ecquam
1476 739 1713 787 nationem

438 828 516 859 aut
553 811 723 875 legistis
758 825 836 857 aut
867 810 1047 857 audistis
1085 827 1339 879 umquam,
1378 828 1493 878 quae
1538 808 1715 854 tamdiu

439 883 643 948 Regibus
663 882 749 929 suis
770 900 823 929 ex
842 881 1001 930 eadem
1019 884 1153 952 stirpe
1170 885 1423 952 progenitis
1437 901 1488 930 ac
1499 896 1714 950 procrea-1

438 959 493 1001 tis
515 953 590 1001 usa
612 953 748 1001 fuerit
767 962 781 1000 ?
798 957 921 1014 cujus
943 955 1137 1022 populi,
1156 955 1187 1001 si
1208 959 1427 1001 Francum
1449 952 1680 1019 excipiatis
1696 987 1712 1008 ‚

438 1027 522 1072 ista
542 1040 664 1077 tanta
685 1023 874 1072 felicitas
912 1041 1133 1092 umquam
1151 1027 1350 1072 exstitit?
1387 1028 1478 1072 Cui
1514 1025 1712 1092 Imperio

440 1112 566 1143 tanta
581 1096 851 1143 diuturnitas
871 1098 1093 1159 contigit,
1111 1111 1282 1165 quanta
1302 1097 1511 1144 Gallico?
1530 1093 1712 1142 Consu-

438 1169 518 1215 lite
537 1204 552 1224 ,
588 1166 620 1213 si
646 1168 829 1234 placet,
865 1183 1024 1213 omnes
1037 1173 1311 1232 Regnorum
1341 1170 1553 1216 omnium
1571 1167 1712 1217 histo-

434 1242 520 1286 rias
539 1275 554 1295 ,
584 1252 727 1284 totam
746 1275 760 1295 ,
796 1254 935 1305 quam
956 1239 1095 1302 longe
1117 1241 1299 1307 lateque
1322 1244 1551 1309 pertinet,
1581 1243 1716 1286 inve-

437 1312 598 1373 stigate
618 1310 940 1377 antiquitatem
961 1347 975 1368 ,
994 1318 1037 1358 &
1056 1348 1070 1369 ,
1104 1326 1327 1379 quantum
1349 1312 1527 1381 potestis
1547 1348 1562 1370 ,
1581 1325 1716 1358 veta«.

435 1380 725 1429 ssissimarum
743 1399 895 1429 rerum
914 1386 1187 1429 memoriam
1204 1386 1343 1430 eruite
1361 1385 1587 1432 ultimam:
1610 1382 1713 1428 nul-

438 1454 536 1501 lum
555 1451 758 1520 profecto
777 1471 800 1498 e
819 1452 1087 1500 Christianis
1106 1454 1291 1521 quidem
1305 1457 1480 1519 Regnis
1501 1471 1591 1501 tam
1609 1453 1716 1500 diu-

438 1540 625 1570 turnum
645 1523 837 1592 proferri
857 1528 1201 1591 poterit‚Regia
1219 1526 1405 1572 Familia
1427 1527 1711 1592 nulla,quae

437 1596 605 1642 diutius
626 1613 732 1642 cum
768 1597 968 1663 Imperio
1005 1591 1168 1654 fuerit,
1202 1598 1330 1645 nulla
1349 1597 1545 1666 denique
1563 1615 1674 1663 gens
1696 1632 1711 1653 ,

439 1670 514 1714 cui
535 1683 656 1714 tanta
675 1666 866 1715 felicitas
887 1669 1103 1732 obtigerit
1119 1707 1133 1727 ,
1157 1684 1203 1716 ut
1220 1670 1501 1738 Principibus
1516 1709 1529 1729 ,
1551 1670 1712 1738 quibus

439 1739 696 1785 commodis
732 1757 790 1786 vac
828 1739 1242 1788 beneficentissimis
1282 1745 1481 1810 primum
1518 1743 1591 1789 usa
1622 1738 1707 1796 iit,

436 1809 594 1858 iisdem
613 1828 831 1880 perpetuo
853 1829 906 1857 ex
926 1812 1085 1860 eadem
1104 1815 1238 1882 stirpe
1264 1813 1485 1861 submissis
1507 1853 1521 1873 ,
1541 1814 1713 1878 sibique

437 1885 642 1929 invicem
668 1887 965 1941 continuata,
1004 1893 1046 1932 δε
1080 1889 1449 1949 offingentorum
1483 1900 1712 1934 annorum

440 1953 583 2022 spatio
601 1973 696 2002 non
709 1958 959 2024 interrupta
976 1954 1084 2003 serie
1103 1955 1439 2005 succedentibus
1459 1957 1678 2006 frueretur
1698 1992 1711 2002 .

593 2030 693 2089 Jam
737 2045 846 2075 vero
883 2030 931 2076 in
962 2043 1083 2074 tanta
1123 2030 1417 2077 diuturnitate
1452 2045 1710 2099 temporum

443 2114 494 2142 ac
526 2098 866 2166 longinquitate
894 2138 908 2158 ,
947 2118 1087 2168 quam
1140 2102 1303 2149 multas
1358 2120 1590 2169 quamque
1634 2117 1710 2146 ca-

434 2168 662 2217 lamitosas
704 2176 977 2237 Regnorum
1011 2190 1065 2219 ac
1100 2177 1447 2242 provinciarum
1487 2171 1719 2221 vicissim--

1582 2242 1708 2290 dines
