1934 2870
429 268 507 328 28
822 261 884 323 O
931 291 962 325 R
1014 290 1046 324 A
1095 288 1123 322 Τ
1171 287 1187 323 1
1235 290 1269 325 o
1289 308 1303 324 .

427 369 501 398 me
524 347 914 419 quamfirmiffime
953 349 1252 397 sustententur
1270 387 1284 408 ,
1301 349 1427 396 mole
1456 364 1707 419 propemo-

425 424 538 471 dum
570 422 645 470 sua
677 421 966 469 collabantur
994 441 1046 470 ac
1076 438 1290 470 corruant
1310 459 1320 469 .
1353 422 1400 469 Id
1423 419 1706 492 potiffimum

425 499 475 544 in
512 492 925 565 potentiffimorurn
964 496 1245 565 populorum
1282 499 1487 565 Imperiis
1524 532 1538 552 ,
1589 512 1707 563 quae

426 567 664 636 quondam
685 565 956 637 ampliffima
974 567 1228 616 floruerunt
1247 606 1262 626 ,
1280 586 1404 615 nunc
1427 567 1556 616 nulla
1579 567 1707 625 sunt,

426 645 628 689 maxime
662 640 944 688 declaratum
983 642 1069 688 est.
1106 645 1176 689 De
1195 642 1377 688 Gallico
1413 639 1444 689 fi
1472 639 1587 688 forte
1617 640 1709 686 tale

429 714 605 782 aliquid
637 714 888 782 aliquando
920 712 1170 763 verendum
1203 711 1320 771 fuit,
1346 731 1471 761 nunc
1499 729 1617 760 certe
1654 728 1708 759 ea

432 804 540 833 cura
572 802 706 853 atque
736 790 900 833 timore
930 787 1108 832 liberati
1139 784 1288 834 sumus
1311 824 1321 834 .
1360 789 1432 832 Sic
1453 789 1577 832 enim
1609 783 1711 832 sen-

431 857 1085 917 ti0,inhocSERssN1ss1M0
1119 863 1508 907 BURoUNmAE
1548 862 1710 905 DuCE

430 950 527 980 non
566 946 743 978 tantum
791 929 1017 995 lingulare
1054 947 1380 978 ornamentum
1420 930 1600 977 Galliae
1639 947 1713 976 ac-

435 1001 598 1051 ceffiffe
629 1040 644 1060 ‚
696 1002 769 1049 sed
803 1000 1106 1049 firmiffimum
1153 1002 1210 1049 ad
1251 1005 1581 1072 perennitatem
1626 1000 1710 1048 effe

430 1073 703 1147 praelidium
736 1076 1061 1122 constitutum.
1099 1076 1232 1139 Age,
1270 1078 1351 1142 qui
1389 1091 1541 1121 rerum
1581 1075 1716 1121 status

435 1146 579 1195 modo
609 1150 657 1193 in
689 1147 842 1193 Gallia
871 1145 921 1194 fit
941 1184 955 1204 ,
993 1163 1132 1214 quarn
1161 1151 1292 1194 omni
1319 1165 1372 1194 ex
1401 1163 1527 1216 parte
1564 1144 1674 1193 felix
1696 1182 1713 1204 ,

435 1235 577 1287 quam
608 1217 772 1264 florens
805 1256 819 1276 ,
855 1237 994 1286 quarn
1031 1218 1183 1265 beatus
1204 1257 1218 1276 ‚
1251 1237 1393 1287 quam
1426 1219 1623 1287 denique
1662 1221 1715 1266 in

432 1291 614 1339 summo
648 1308 800 1337 rerum
833 1288 1015 1355 fastigio
1035 1327 1050 1345 ,
1082 1306 1162 1348 ut,
1192 1309 1299 1338 cum
1330 1294 1405 1338 vix
1437 1294 1716 1359 quicquam,

436 1368 533 1432 quo
562 1365 722 1421 altius5
748 1379 986 1430 tamquam
1008 1362 1268 1410 aedificium
1291 1402 1305 1421 ,
1333 1363 1495 1411 evadat
1518 1402 1532 1422 ‚
1562 1362 1716 1432 super-

440 1436 492 1484 fit
513 1474 527 1493 ,
557 1437 761 1482 laborare
798 1434 1146 1502 quodammodo
1179 1436 1302 1482 mole
1334 1434 1410 1482 sua
1440 1453 1492 1481 ac
1530 1438 1717 1500 magni·-

439 1506 599 1554 tudine
629 1506 774 1552 videri
792 1494 922 1574 poffit
941 1544 954 1564 ,
982 1523 1165 1553 mecum
1181 1548 1195 1567 ‚
1220 1506 1386 1575 quaeso
1406 1545 1421 1565 ‚
1457 1507 1715 1554 confidera-

437 1595 514 1626 te:
553 1595 648 1625 tum
687 1577 866 1624 facilius
891 1580 1088 1626 statuetis
1109 1617 1123 1637 ‚
1158 1597 1270 1628 num
1302 1579 1592 1627 mediocriter
1627 1582 1720 1627 lae-

438 1654 525 1699 tari
554 1669 633 1698 vos
665 1649 853 1708 deceat,
888 1650 944 1698 ad
981 1667 1153 1698 tantam
1190 1668 1373 1720 tamque
1413 1653 1717 1701 excellentem

439 1739 573 1791 atque
605 1740 929 1789 exaggeratam
951 1722 1182 1771 fortunam
1209 1724 1496 1773 retinendam
1521 1743 1572 1773 ac
1607 1743 1718 1772 con-

435 1795 705 1845 servandam
729 1834 743 1854 ‚
777 1811 955 1844 tantum
988 1795 1074 1844 hoc
1113 1796 1319 1866 praesidii
1352 1815 1404 1844 ac
1438 1798 1717 1846 firmamenti

439 1867 524 1915 esse
559 1884 874 1937 comparatum
898 1907 908 1916 .
941 1871 1093 1937 Atque
1115 1873 1291 1918 utinam
1310 1908 1324 1929 ,
1355 1874 1559 1933 Qirites
1581 1910 1594 1927 .,
1626 1871 1716 1918 hoc

443 1940 552 1988 loco
584 1955 761 1988 tantum
795 1941 907 1988 mihi
943 1945 1157 2011 temporis
1188 1942 1245 1990 ad
1267 1942 1515 1991 dicendum
1548 1961 1716 1992 conce-

471 2028 618 2059 eretur
658 2051 671 2071 ,
706 2031 928 2082 quantum
967 2014 1022 2061 ad
1061 2032 1125 2064 res
1165 2031 1256 2064 tam
1296 2018 1473 2075 varias,
1515 2032 1607 2066 tam
1643 2018 1717 2063 in·-

441 2086 678 2133 credibiles
727 2104 779 2133 ac
823 2105 964 2157 prope
999 2086 1178 2135 divinas
1212 2088 1538 2158 persequendas
1573 2088 1712 2135 tribui

440 2156 551 2205 mihi
574 2157 761 2227 darique
781 2176 1042 2230 exoptarem
1059 2199 1069 2208 .
1091 2165 1405 2228 Q‘zinquam,
1431 2178 1503 2207 me
1523 2180 1578 2208 ne
1599 2160 1713 2207 Gal-⁴

442 2230 556 2279 licae
597 2234 776 2282 virtutis
824 2249 877 2282 ac
914 2231 1195 2283 fortitudinis
1230 2250 1531 2283 monumenta
1566 2249 1711 2304 paene

1562 2306 1722 2358 infini-
