1934 2870
453 253 532 311 18
844 244 905 306 Ο
951 272 983 306 R
1031 270 1062 306 A
1110 269 1138 305 τ
1184 269 1202 305 1
1245 270 1312 307 o.

452 335 592 380 exitio
630 346 764 401 atque
795 333 977 378 interitu
1013 329 1304 396 sejungantur
1340 365 1351 378 .
1398 328 1447 378 Id
1479 329 1604 380 enim
1636 330 1724 379 illa'.

453 403 575 475 ipsa,
614 423 729 473 quae
747 402 877 473 supra
902 406 1264 452 commemoravi
1282 418 1548 451 ornamenta
1568 443 1583 463 ‚
1620 421 1721 451 ma-

456 496 549 543 gna
582 476 683 524 sane
719 492 851 544 atque
872 477 1103 546 praeclara
1127 515 1141 535 ,
1170 473 1347 524 efficere
1366 474 1508 523 ferme
1545 475 1721 532 solent,

459 565 507 596 ut
535 549 843 617 plurimorum
876 551 1053 595 animos
1087 548 1143 595 ad
1173 546 1214 594 se
1247 548 1484 606 alliciant,
1524 557 1567 597 δε
1599 548 1725 597 obla-

455 637 498 669 ta
528 622 643 668 lucri
676 620 748 690 spe
771 659 784 679 ‚
823 622 880 668 acl
901 620 1193 689 cupiditatem
1217 619 1526 668 vehementius
1548 618 1728 667 inflam-

459 709 585 740 ment
607 731 617 741 .
656 694 986 740 Constatenim
1006 731 1019 751 ,
1061 710 1205 740 vacua
1239 690 1480 740 successore
1504 694 1727 762 Imperia,

455 779 694 832 tamquam
732 768 989 832 praemium
1018 764 1239 830 aliquod,
1277 763 1331 810 de
1367 782 1526 812 eorum
1564 761 1728 834 poffes-

455 836 609 896 sione,
633 836 844 900 legitimo
867 874 880 894 ,
920 839 984 883 uti
998 834 1176 882 credere
1208 833 1271 881 fas
1302 836 1364 881 est
1383 872 1397 892 ‚
1430 840 1529 898 jure
1552 851 1729 883 certan-

456 910 571 956 tibus
609 907 691 955 esse
723 906 980 977 proposita:
1021 922 1251 954 certamen
1285 921 1438 956 autem
1471 923 1598 955 tanto
1630 924 1732 970 gra-

456 985 553 1029 vius
592 979 674 1026 effe
694 1017 708 1036 ,
748 996 799 1025 ac
828 983 986 1042 majori
1019 997 1124 1025 cum
1152 979 1435 1047 populorum
1471 980 1730 1026 calamitate

454 1055 746 1113 conjunctum
770 1089 783 1108 ,
823 1067 994 1119 quanto
1022 1051 1104 1096 illa
1141 1051 1432 1118 opulentiora
1460 1050 1563 1098 sunt
1586 1089 1598 1108 ,
1631 1068 1732 1096 ma-

447 1121 607 1191 jusque
637 1123 875 1179 vicloribus
909 1120 1209 1169 commodum
1241 1122 1576 1190 utilitatemque
1614 1122 1732 1168 alla-

455 1210 554 1240 tura
574 1230 584 1239 .
625 1196 941 1254 Qamobrem
971 1196 1147 1240 nemini
1181 1195 1351 1240 mirum
1389 1194 1533 1241 videri
1561 1193 1692 1240 debet
1712 1230 1727 1254 ‚

456 1264 487 1311 fi
527 1263 618 1311 fere
653 1265 886 1312 universae
924 1280 1079 1329 gentes
1113 1267 1161 1310 in
1195 1283 1250 1311 eo
1287 1264 1572 1312 consentiant
1608 1303 1622 1323 ,
1682 1281 1730 1312 ut

456 1335 574 1383 nihil
604 1352 695 1383 tam
716 1352 956 1406 exoptent,
985 1352 1125 1404 quam
1150 1334 1333 1383 suorum
1353 1339 1616 1406 Principum
1648 1333 1731 1382 foe-

456 1408 735 1458 eund-itarem
753 1447 767 1466 ,
802 1408 919 1455 nihil
949 1426 1090 1474 aeque
1119 1423 1253 1475 atque
1285 1409 1537 1456 eorundem
1564 1409 1729 1455 sterili-

458 1495 595 1526 tatem
632 1477 928 1526 reformident
959 1517 973 1537 ‚
1030 1496 1169 1545 quam
1203 1477 1407 1547 profedlo
1455 1480 1728 1544 intelligunt

456 1551 684 1619 planeque
718 1551 994 1619 perspiciunt
1023 1553 1099 1596 vix
1118 1567 1338 1617 umquam
1359 1568 1384 1596 a
1403 1554 1611 1599 maximo
1648 1571 1730 1620 po-

454 1622 670 1691 pulorum
702 1622 873 1670 damno
902 1641 953 1669 ac
972 1624 1173 1690 pernicie
1199 1621 1319 1690 posse
1341 1621 1549 1688 sejungi.
1587 1623 1728 1681 Quod

460 1694 712 1761 periculum
745 1693 774 1742 fi
807 1696 957 1758 regiae
979 1694 1154 1740 Sobolis
1179 1697 1494 1761 procreatione
1535 1714 1610 1742 eos
1649 1695 1730 1742 deo

452 1766 621 1833 pellere
663 1769 938 1831 contigerit,
979 1781 1074 1813 turn
1107 1764 1294 1813 demum
1323 1784 1513 1814 omnem
1554 1763 1729 1814 sollici-

458 1837 663 1883 tudinem
702 1855 754 1884 ac
804 1854 974 1885 metum
1011 1837 1226 1898 abjiciunt
1261 1875 1277 1895 2,
1316 1841 1503 1906 votique
1536 1856 1729 1907 compo-

456 1924 518 1954 tes
556 1906 659 1955 faeci
681 1946 694 1966 ,
734 1918 777 1957 ὃς
798 1908 817 1970 ,’
845 1909 971 1976 quod
1011 1907 1316 1955 ardentissime
1354 1913 1681 1979 concupierant
1707 1949 1723 1972 ,

456 1979 605 2049 adepti
627 2019 639 2037 ,
656 1981 804 2027 beatos
838 1981 879 2028 se
914 1999 966 2028 ac
1002 1979 1152 2026 felices
1172 1981 1442 2028 arbitrantur
1462 2021 1473 2031 .

597 2056 748 2120 Atque
773 2052 862 2100 hoc
892 2071 981 2117 ego
1010 2056 1198 2099 nornine
1226 2053 1403 2101 beatam
1434 2071 1485 2100 ac
1514 2052 1723 2112 felicem,

450 2139 585 2190 atque
626 2125 739 2171 adeo
776 2143 881 2193 prae
938 2127 1107 2172 cunctis
1159 2125 1366 2188 gentibus
1422 2123 1723 2174 beatissimam

453 2211 505 2240 ac
536 2193 842 2246 felicissimam
873 2215 981 2247 cum
1012 2194 1218 2265 semper,
1248 2211 1342 2244 tum
1369 2196 1459 2244 hoc
1478 2197 1726 2264 praecipue,

1549 2283 1722 2338 tempo-
