1934 2870
608 192 671 251 Ο
717 215 750 252 R
799 219 831 252 A
877 210 904 250 ’τ
950 215 971 248 1
1016 216 1050 250 o
1068 235 1082 250 .
1403 215 1426 256 1
1447 217 1469 260 χ

216 285 375 332 omnia
385 278 664 351 populorum
686 276 934 325 commoda
956 274 1310 343 consequuntur.
1330 278 1487 328 Gavifi

215 359 357 421 igitur
395 351 680 420 summopere
718 367 770 396 ac
814 355 913 414 jure
944 347 1126 406 sumus,
1167 365 1274 395 cum
1303 346 1486 398 diversis

214 444 268 474 ex
291 424 489 495 partibus
523 422 580 470 ad
603 439 685 469 nos
714 425 921 469 venerint
943 460 957 480 ,
995 425 1075 489 qui
1111 424 1159 467 in
1196 422 1350 468 lucem
1386 420 1484 468 edi-

211 512 278 545 tos
313 493 728 544 florentiffimorum
749 498 1021 558 Regnorum
1057 492 1268 540 haeredes
1303 492 1477 540 succes-

207 566 413 637 soresque
437 570 709 614 nunciarent
727 603 737 613 .
775 565 903 635 Qid
929 583 1036 613 vero
1058 574 1071 612 ἓ
1089 582 1194 612 cum
1214 567 1478 634 nuperrime

208 640 266 689 ad
294 639 412 689 hanc
431 640 610 691 Urbem
642 636 936 708 optatisfimus
955 639 1148 685 nuncius
1178 638 1374 706 perlatus
1394 639 1483 694 est,

209 715 656 762 SEREMserUM
703 713 1076 759 GALLiARUM
1116 712 1482 758 nummum

207 801 267 832 ex
284 782 515 833 lectiffima
540 786 754 847 Conjuge
781 781 1006 850 suscepisse
1032 783 1181 830 filium
1198 819 1212 837 ,
1253 778 1473 829 nobiliffi-

207 873 423 924 mamque
455 856 693 902 Familiam
718 872 839 901 nova
872 855 1000 922 prole
1022 857 1199 901 audiam
1225 869 1360 920 atque
1382 870 1480 901 am-

203 928 452 997 plificatam
473 945 484 976 ε
523 941 694 994 quanta
713 927 876 972 exstitit
898 930 1030 972 totius
1050 927 1259 972 Civitatis
1279 925 1476 982 laetitia,

204 1016 428 1067 quantum
465 999 693 1045 bonorum
733 999 944 1043 omnium
985 996 1205 1060 gaudium
1242 1032 1256 1052 ,
1304 1012 1476 1063 quanta

204 1074 415 1118 omnium
430 1069 645 1117 ordinum
665 1107 679 1128 ,
720 1070 898 1134 generis
916 1107 929 1126 ,
964 1068 1055 1114 loci
1083 1085 1133 1113 ac
1159 1066 1367 1115 fortunae
1385 1067 1471 1115 ho-

203 1145 382 1190 minum
402 1181 416 1201 ‚
454 1160 686 1210 quamque
718 1138 849 1187 effusa
884 1141 1128 1204 gratulatio
1148 1144 1342 1207 !.Prope
1372 1154 1476 1186 ante

203 1216 362 1261 oculos
401 1216 567 1261 vessros
596 1250 610 1269 ,
660 1215 862 1271 Quirites
896 1249 910 1268 ,
949 1214 1202 1257 etiamnum
1240 1209 1474 1258 versantur

202 1282 636 1349 magnificentissimi
677 1281 1089 1351 apparatiffimique
1137 1281 1231 1329 ludi
1261 1320 1276 1340 ‚
1311 1283 1366 1330 ab
1393 1300 1504 1341 ors„

200 1354 426 1404 natissitno
451 1355 539 1403 hoc
575 1364 619 1402 &
656 1355 783 1401 rebus
805 1355 1016 1400 omnibus
1042 1352 1469 1421 praecellentiffimo

199 1430 234 1474 L
250 1444 361 1475 Uno
376 1443 498 1475 v1c1
519 1428 660 1489 Regis
678 1425 732 1471 ad
753 1426 1019 1471 Pontificem
1040 1427 1166 1471 Max.
1188 1429 1358 1489 Legato
1377 1442 1474 1474 non

197 1499 369 1546 multos
403 1513 505 1546 ante
536 1496 618 1545 hos
652 1496 745 1543 dies
782 1494 916 1555 stiffi,
955 1512 1090 1564 atque
1131 1514 1156 1543 a
1191 1497 1316 1545 vobis
1345 1496 1468 1544 sum-

197 1587 276 1617 mo
319 1569 539 1617 concursu
596 1567 942 1637 frequentiaque
977 1568 1191 1615 celebrati
1237 1606 1249 1617 .
1302 1568 1475 1622 Adhuc

197 1658 322 1689 aures
342 1643 517 1689 nostrae
537 1642 661 1688 laetis
683 1638 921 1709 faustisque
942 1640 1102 1709 populi
1121 1641 1469 1688 acclamationi-

197 1713 277 1761 bus
303 1713 544 1782 personant
571 1732 587 1777 3
626 1711 822 1759 necdum
851 1728 1001 1760 motus
1036 1712 1116 1759 ille
1148 1712 1468 1760 exsultantium

196 1788 492 1842 animorum,
529 1795 573 1832 &
609 1801 842 1852 tamquam
881 1802 977 1832 non
1016 1787 1064 1830 in
1083 1784 1261 1832 Galliae
1292 1784 1427 1831 solius
1455 1823 1470 1843 ‚

194 1853 268 1904 sed
293 1859 341 1903 in
372 1859 612 1908 communi
639 1856 777 1904 salute
819 1875 871 1904 ac
893 1856 1108 1905 felicitate
1148 1857 1415 1904 laetantium
1450 1894 1465 1915 ‚

193 1931 370 1997 penitus
397 1931 692 1996 conquievit.
730 1930 1047 1986 Quamobrem
1076 1932 1204 1975 eccui
1235 1931 1461 1987 vestrum,

193 2003 397 2061 Qirites
429 2039 443 2059 ,
492 2003 657 2046 mirum
690 1999 831 2047 videri
868 2003 1033 2069 poterit
1059 2037 1073 2057 ,
1126 1998 1156 2046 fi
1190 1999 1277 2046 hoc
1311 1998 1459 2068 ipsum

194 2075 534 2136 Gregorianum
567 2075 767 2137 Lyceum
786 2075 835 2118 in
850 2088 1022 2141 partem
1044 2075 1302 2118 communis
1330 2074 1467 2119 laeti-

197 2146 286 2191 tiae
301 2148 456 2193 venire
474 2145 649 2212 gestiat,
671 2153 714 2193 δε
735 2162 898 2193 vocem
917 2143 1261 2213 quodammodo
1285 2148 1460 2191 mittere

802 2219 835 2263 B
878 2235 903 2262 2
1342 2216 1465 2264 indi-
