1934 2870
470 267 475 276 ’
519 255 558 313 6
870 249 932 312 O
978 277 1008 311 R
1059 273 1092 310 A
1137 274 1167 310 Τ
1212 276 1229 312 1
1274 277 1342 312 0.

461 272 573 384 cssffet
605 336 628 404 (
662 334 786 404 quod
815 352 953 383 omen
988 336 1061 383 vel
1093 334 1210 405 ipsae
1246 339 1442 383 maxime
1480 335 1738 383 aversantur

469 425 523 455 ac
562 406 860 455 reformidant
953 406 1289 455 deveniendum
1320 445 1330 456 .
1372 412 1569 455 Tantam
1609 425 1735 454 enim

469 495 574 526 rem
595 516 609 536 ,
637 494 774 546 atque
806 484 875 542 eju
901 478 1056 538 modi,
1083 483 1133 526 in
1161 498 1298 547 quam
1332 497 1427 527 non
1448 479 1589 527 modo
1608 483 1737 525 Prin-

472 552 629 619 cipum
662 549 896 619 ipsorum,
934 549 1007 598 sed
1041 555 1176 599 etiam
1216 556 1495 620 privatorum
1531 549 1741 597 fortunae

471 625 779 670 mutationem
818 624 1065 670 maximam
1104 624 1200 670 fieri
1238 622 1406 671 neceffe
1444 622 1543 670 effer
1581 658 1596 679 ,
1651 620 1744 667 sine

476 698 682 742 maximo
700 695 979 764 populorum
1000 710 1129 742 motu
1151 732 1165 753 ,
1183 695 1283 742 aliis
1302 696 1396 741 alio
1413 732 1427 752 ,
1447 696 1609 762 partim
1633 691 1744 738 odio

472 783 527 814 ac
559 769 756 824 timore,
794 770 961 835 partim
994 785 1148 814 amore
1187 784 1239 813 ac
1257 766 1742 834 cupiditate,conver-

474 836 527 885 fis
561 853 697 904 arque
717 836 1012 907 spedlantibus
1032 875 1047 896 ,
1066 835 1251 902 tranfigi
1278 836 1398 906 poffe
1428 837 1746 901 arbitramini?¹

470 908 604 972 Qid
626 916 641 955 ?
660 906 691 955 fi
707 908 825 956 nihil
860 927 885 956 a
916 908 1172 957 domesticis
1191 909 1384 978 periculi
1421 907 1704 978 impenderet
1728 942 1744 964 ‚

472 979 593 1027 nihil
627 996 684 1025 ne
720 980 775 1026 ab
808 983 999 1026 externis
1032 981 1243 1048 publicae
1294 983 1449 1043 Regni
1488 980 1630 1046 quieti
1687 994 1741 1023 ac

464 1049 791 1115 tranquillitati
827 1048 929 1096 esset
969 1066 1246 1117 magnopere
1282 1049 1736 1118 pertimescendum?

472 1125 628 1183 Qam
680 1123 830 1188 parvis
884 1135 1018 1188 atque
1069 1120 1184 1168 adeo
1233 1123 1437 1167 minimis
1476 1120 1602 1189 saepe
1642 1137 1745 1166 mo-

472 1195 639 1237 mentis
673 1208 869 1254 magnae
903 1192 951 1237 in
982 1195 1162 1255 magnis
1186 1194 1390 1259 Imperiis
1424 1190 1744 1239 conversiones

465 1259 913 1331 perturbationesque
936 1262 1047 1309 fiant
1082 1260 1313 1328 factaeque
1349 1261 1435 1309 fint
1453 1299 1469 1319 ,
1486 1280 1581 1309 non
1600 1265 1741 1325 igno-

470 1336 613 1395 rati53
650 1348 697 1380 ut
729 1330 919 1401 proinde
940 1369 955 1390 ‚
994 1331 1106 1400 quid
1140 1348 1237 1379 tum
1269 1330 1444 1379 fortasse
1473 1348 1743 1381 eventurum

470 1404 573 1452 effer
595 1441 610 1462 ,
648 1421 727 1472 per
756 1422 835 1450 vos
866 1401 948 1470 ipsi
985 1403 1139 1451 videre
1176 1420 1228 1449 ac
1261 1402 1513 1471 prospicere
1545 1401 1742 1471 poffitiS.

614 1479 668 1522 Et
699 1473 801 1519 sane
839 1478 1160 1522 BoRssoniA
1194 1474 1384 1520 Familia
1413 1491 1509 1521 non
1537 1474 1593 1520 ad
1633 1476 1741 1521 ulti-

472 1562 606 1592 mum
657 1559 775 1590 certe
809 1546 1043 1592 inreritum
1080 1544 1256 1591 redadia
1291 1559 1385 1591 erat
1420 1583 1436 1603 ,
1487 1547 1601 1612 quin
1637 1562 1736 1595 rum

471 1619 519 1665 in
549 1618 691 1679 Regis
725 1613 858 1662 fratre
879 1653 894 1674 ,
926 1624 970 1663 &
1000 1615 1228 1664 Condaeis
1254 1616 1459 1663 Ducibus
1490 1617 1734 1675 nitebatur,

470 1706 576 1735 cum
609 1687 864 1734 Ludovicus
899 1689 1079 1735 Tertius
1105 1689 1321 1735 Decimus
1355 1690 1404 1733 in
1438 1686 1560 1756 spem
1597 1689 1740 1736 Sobo-

471 1759 525 1805 lis
545 1759 869 1827 propagandae
896 1762 1050 1821 juncia
1073 1757 1149 1806 sibi
1171 1760 1468 1806 matrimonio
1484 1761 1621 1805 Anna
1641 1762 1739 1806 Au.

469 1831 661 1886 striaca,
699 1828 925 1877 lee'tiffima
964 1849 1016 1877 ac
1051 1828 1264 1877 rariffima
1294 1828 1517 1888 foemina,
1554 1829 1739 1898 nuptiis-

470 1919 559 1968 que
588 1900 735 1966 regali
766 1917 980 1969 apparatu
1011 1919 1063 1948 ac
1099 1901 1442 1965 magnificentia
1478 1902 1738 1959 celebratis,

473 1987 621 2018 totum
660 1972 836 2019 Galliae
875 1978 1093 2037 Regnum
1141 1971 1353 2020 inusitato
1398 1973 1570 2037 gaudio
1608 1973 1738 2020 laeti-

477 2046 630 2110 tiaque
653 2044 928 2112 complevit.
967 2049 1070 2091 Erat
1100 2047 1145 2091 in
1180 2044 1503 2113 exspectatione
1526 2046 1738 2107 omnium

474 2121 587 2160 tanti
627 2118 831 2179 conjugii
867 2115 1038 2162 soboles
1074 2153 1088 2173 ,
1125 2133 1239 2183 quae
1279 2119 1538 2182 nuptiarum
1571 2114 1735 2161 fruetus

472 2186 624 2232 multo
671 2184 946 2237 suaviffimus
998 2204 1050 2234 ac
1093 2185 1436 2250 jucundiffimus
1471 2184 1552 2235 effe
1591 2185 1733 2243 solet,

1590 2273 1733 2323 eaque
