1934 2870
857 226 920 287 Ο
965 252 997 288 R
1045 251 1079 286 A
1126 250 1154 286 T
1200 251 1218 286 1
1262 251 1331 287 o.

463 245 674 363 {illidatur
708 346 722 369 ‚
773 308 848 358 sed
884 312 1024 376 longe
1064 309 1342 382 ampliffimis
1376 326 1428 358 ac
1462 326 1605 380 prope
1642 314 1734 361 im·

463 384 624 435 meniis
658 387 924 452 proveetum
959 383 1108 453 spatiis
1136 383 1229 453 ipsa
1256 387 1390 432 etiam
1426 397 1609 431 externa
1639 387 1735 432 Re-

464 476 558 524 gna
577 473 711 524 atque
738 458 932 524 Imperia
960 456 1275 505 dominatione
1297 473 1348 504 ac
1367 456 1584 524 potestate
1603 473 1734 501 corn-

465 531 653 600 plexum
681 525 731 574 fir
750 566 760 576 .
791 526 1136 596 Circumspicite
1157 567 1172 587 ,
1203 526 1533 596 circumspicite
1566 526 1734 596 Hispa-

467 605 595 651 niam
619 639 633 659 ,
672 601 850 649 Italiam
873 639 888 659 ‚
920 604 1149 670 Europam
1179 599 1435 648 universam
1458 637 1471 657 ,
1508 603 1738 648 BoRsso-

469 688 712 723 NlORuM
749 673 852 720 luce
886 690 938 720 ac
974 671 1210 741 splendore
1247 669 1571 718 circumfusam
1601 707 1612 718 .
1662 671 1741 717 An

467 765 522 793 ex
549 762 599 792 ea
628 746 761 811 stirpe
783 749 932 809 Reges
953 762 1173 812 umquam
1192 744 1372 790 Galliae
1390 741 1618 790 defuturos
1636 740 1740 810 pos-

468 817 616 865 sumus
651 814 862 885 suspicari
899 853 914 873 ,
967 833 1020 861 ex
1057 833 1148 883 qua
1181 830 1389 862 externae
1428 812 1546 882 ipsae
1584 827 1742 878 gentes

465 908 517 938 ac
552 888 713 958 populi
745 886 823 935 fibi
856 890 1060 934 certatim
1082 891 1231 952 Reges
1260 899 1475 955 optarunt
1504 900 1639 953 atque
1658 884 1739 931 ad-

465 961 728 1008 sciverunt?
758 960 916 1022 Qid?
946 957 978 1005 s1
1008 976 1122 1005 unus
1151 959 1316 1025 aliquis
1346 961 1740 1006 BoRBochss

464 1031 681 1078 Familiae
701 1031 904 1077 Ducibus
925 1066 938 1086 ,
977 1033 1056 1095 qui
1089 1029 1229 1075 modo
1258 1028 1460 1074 Galliam
1492 1025 1740 1095 praesentia.

465 1103 542 1150 sua
575 1119 627 1149 ac
657 1101 894 1148 virtutibus
924 1101 1148 1147 illustrant
1176 1115 1318 1146 totam
1341 1097 1434 1168 (iis
1467 1099 1744 1165 tribus,‘qui

467 1176 706 1242 potiuntur
734 1189 857 1218 nunc
887 1188 1036 1218 rerum
1053 1208 1068 1228 ,
1089 1173 1367 1239 potiturique
1394 1170 1605 1238 deinceps
1624 1168 1741 1227 sunt,

462 1241 709 1313 paullisper
744 1245 1025 1305 cogitatione
1052 1242 1276 1310 remotis)
1319 1245 1487 1304 Regno
1525 1240 1742 1287 admove-

473 1331 624 1371 retur,
646 1312 824 1358 Galliae
846 1330 903 1358 ne
938 1311 1072 1380 ipsius
1101 1310 1354 1359 commodis
1391 1326 1525 1378 atque
1554 1311 1739 1357 incolu-

466 1389 613 1434 mitati
645 1387 795 1430 minus
825 1382 1084 1431 consultum
1114 1390 1351 1451 putarem?
1380 1382 1497 1430 Proh
1526 1380 1738 1450 superum

466 1473 601 1523 atque
631 1455 875 1501 hominum
894 1454 1030 1501 fidem
1050 1460 1060 1500 !
1095 1453 1315 1521 Equidem
1332 1490 1346 1511 ,
1364 1452 1396 1500 fi
1413 1452 1597 1521 quando
1622 1453 1736 1500 mihi

462 1542 565 1574 ante
604 1524 762 1571 oculos
797 1542 1010 1594 propono
1046 1524 1288 1573 Condaeos
1308 1562 1322 1583 ,
1343 1526 1567 1582 Gonnos,
1590 1526 1736 1571 Aure-

467 1595 687 1645 lianenses
724 1632 739 1653 ,
786 1616 838 1643 ex
872 1613 961 1644 una
996 1595 1244 1664 eademque
1281 1600 1601 1645 BoRBON1A
1636 1598 1737 1642 stir-

470 1688 526 1738 pe
566 1682 803 1731 generatos
838 1705 852 1726 2
899 1682 1012 1735 quot
1048 1685 1176 1715 veros
1215 1670 1265 1713 in
1301 1670 1355 1714 iis
1399 1665 1731 1734 germanosque

464 1745 498 1788 B
512 1757 542 1787 O
555 1756 586 1787 R
598 1756 622 1786 B
636 1756 666 1785 o
678 1755 708 1786 N
721 1757 735 1785 1
749 1756 779 1786 ο
796 1758 812 1786 s
845 1737 1044 1803 agnosco
1061 1775 1075 1796 ‚
1111 1738 1302 1786 totidem
1322 1736 1728 1806 praestantiffimos

465 1815 613 1873 Reges
656 1810 806 1856 videre
838 1809 951 1857 mihi
989 1810 1149 1857 videor
1186 1826 1320 1877 atque
1358 1812 1525 1857 intueri
1559 1846 1570 1856 .
1626 1807 1731 1857 Pos-

462 1881 619 1928 sumne
671 1899 891 1949 umquam
939 1880 1194 1943 oblivisci,
1240 1899 1355 1948 quae
1389 1883 1615 1928 Henricus
1652 1881 1733 1927 ille

465 1951 708 2000 Condaeus
743 1971 826 2021 pro
857 1953 1104 2017 Religione
1133 1951 1374 1999 Catholica
1410 1951 1614 2000 adversus
1632 1956 1731 1999 Hu-

462 2039 661 2088 gonotos
695 2024 924 2091 praeclare
958 2021 1085 2088 geffit
1118 2031 1132 2069 ?
1178 2041 1292 2092 quae
1326 2023 1582 2072 Ludovicus
1618 2026 1729 2070 item

464 2095 704 2142 Condaeus
767 2096 956 2142 bellicae
1015 2098 1189 2142 virtutis
1238 2114 1290 2142 ac
1337 2096 1726 2159 magnanimitatis

464 2168 670 2234 exempla
700 2165 844 2215 edidit
883 2176 897 2215 ?
937 2185 1052 2235 quae
1086 2167 1208 2215 illius
1239 2169 1431 2214 Henrici
1467 2165 1584 2212 filius
1617 2165 1729 2211 alter

1532 2237 1729 2283 Arman-
