1934 2870
147 294 334 382 cipias
370 288 556 354 velim
590 293 604 348 Ζ
637 287 788 351 Non
823 310 941 374 ego
977 289 1102 352 hoc
1135 294 1276 356 loco
1315 311 1418 356 n0-‘

145 389 450 454 biliffimae
484 387 765 470 Familiae
801 389 971 449 Tuae
1007 388 1231 451 decora
1281 413 1412 477 per-

140 488 354 574 sequar
389 531 404 558 ,
460 508 615 572 quae
649 487 839 546 multo
874 488 1112 549 notiora
1161 508 1230 549 ac
1269 492 1419 550 cele.-

137 582 399 649 lebriora
435 583 605 656 sunt,
636 604 820 667 quam
859 601 922 646 ut
957 608 990 645 a
1021 608 1120 646 me
1155 608 1418 648 comme-

136 686 363 747 morari
394 700 574 769 atque
613 680 877 744 illustrari
912 672 1177 748 debeant
1213 710 1228 746 x
1270 705 1416 745 cum

136 767 482 857 praesertim
547 785 637 830 tot
697 767 986 852 tantisque
1040 771 1411 832 ornamentis

137 871 239 929 Tu
274 869 397 955 ipse
433 864 708 928 abundes
759 867 817 928 ἃ
864 869 1100 952 pietatis
1133 914 1149 940 ,
1187 857 1264 930 ⁷&
1300 869 1409 929 do-

134 967 393 1038 eminae,
429 964 488 1025 δί
524 962 874 1025 eruditionis
906 1010 922 1035 ‚
959 965 1014 1025 ἃ
1051 965 1314 1028 summae
1350 966 1414 1026 in

133 1060 487 1152 graviffimis
538 1059 837 1123 obeundis
894 1061 1414 1150 expediendisque

131 1165 395 1248 negotiis
431 1162 785 1250 prudentiae
818 1181 887 1223 ac
906 1161 1272 1226 dexteritatis
1295 1207 1312 1233 ,
1349 1176 1417 1224 ut

132 1263 389 1329 minime
443 1257 684 1322 necesse
722 1258 946 1322 habeas
980 1308 997 1335 ,
1050 1264 1418 1348 Majorulm

134 1364 416 1424 Tuorum
451 1359 729 1422 laudibus
779 1359 1222 1447 virtutibusque
1278 1384 1418 1424 cen-

129 1456 274 1522 seri.
319 1458 459 1520 Hoc
479 1474 711 1529 tantum
729 1457 962 1521 dicam:
998 1463 1125 1535 Te,
1164 1462 1269 1548 qui
1304 1461 1416 1523 ori-

129 1558 271 1641 gine
306 1556 478 1620 Italus
510 1574 690 1646 atque
725 1581 802 1622 ex
836 1560 1218 1623 Patritiorum
1243 1561 1420 1622 Ordi-

130 1677 209 1716 ne
229 1659 545 1721 Romanus
563 1681 625 1721 es
642 1706 657 1732 ,
677 1678 813 1723 ortu
838 1683 990 1726 vero
1010 1683 1079 1723 ac
1097 1661 1413 1723 domicilio

132 1751 369 1824 GalluS,
401 1774 560 1835 quae
596 1754 659 1815 in
683 1773 933 1838 utraque
953 1755 1200 1817 natione
1243 1776 1415 1837 egre-

131 1850 230 1931 gia
251 1852 385 1912 sunt
402 1897 419 1924 ,
453 1850 531 1911 ita
549 1847 668 1911 elie
690 1852 1081 1937 complexum
1102 1899 1118 1925 ‚
1156 1873 1218 1915 ut
1237 1857 1298 1916 in
1322 1856 1416 1914 Te

129 1968 260 2011 uno
297 1949 560 2009 maxime
600 1951 907 2011 emineant
944 1948 1216 2011 universa
1240 1999 1252 2011 .
1293 1951 1416 2012 Sed

131 2037 463 2106 modestiae
507 2041 677 2103 Tuae
732 2043 1107 2129 parcendum
1159 2041 1275 2107 effe
1337 2047 1417 2107 vi-

134 2136 256 2199 deo
292 2184 305 2200 .
352 2137 554 2224 Itaque
594 2136 768 2225 plura
804 2163 931 2205 non
968 2143 1187 2207 addam
1220 2192 1237 2220 ,
1274 2143 1421 2207 satis?

1304 2254 1424 2319 que
