1934 2870
569 201 631 263 Ο
677 230 711 264 R
757 226 866 264 AT
912 229 929 263 1
976 230 1043 264 o.
1349 228 1389 281 νς
1408 227 1431 267 -1

303 286 444 351 Qod
467 285 498 335 fi
518 305 543 335 a
559 288 727 337 bellica
748 289 884 338 laude
901 328 915 348 ‚
945 307 1036 358 qua
1058 305 1295 358 tantopere
1315 291 1440 337 Galli

156 363 307 413 nostra
342 364 569 410 memoria
601 362 917 410 excelluerunt
946 401 963 421 ,
1009 363 1235 411 bonarum
1271 365 1439 410 artium

156 434 300 485 studia
332 437 525 483 minime
565 433 846 501 sejungenda
884 451 1097 506 putemus
1120 474 1136 495 a
1175 435 1286 504 quid
1331 434 1440 482 huic

155 510 285 573 genti
303 507 444 557 abeffe
463 508 783 557 arbitrabimur
795 547 809 569 ‚
824 512 1075 576 quominus
1093 526 1195 557 eam
1213 509 1269 556 ad
1287 507 1435 576 ipsum

154 579 360 630 summae
391 580 620 629 felicitatis
639 581 872 647 fastigium
899 582 1149 652 pervenisse
1172 582 1437 630 credamus?

154 657 348 702 Constat
379 658 504 703 enim
532 693 546 713 ,
585 658 974 722 ingenuasvartes
1027 654 1322 724 liberalesque
1363 653 1435 700 di-

152 724 367 796 sciplinas
405 730 457 775 in
495 727 608 776 bene
647 729 781 776 cultis
818 743 955 796 atque
987 729 1200 778 institutis
1231 728 1437 775 nationi-

156 798 236 847 bus
254 800 337 848 esse
354 800 626 870 plerumque
641 800 916 849 consuevisse
931 819 1131 868 magnae
1145 801 1431 850 administras

153 872 436 942 comitesque
464 872 675 922 fortunae
696 912 708 922 .
744 873 887 939 Qod
920 892 1026 923 cum
1054 875 1172 922 olim
1209 877 1259 921 in
1292 875 1437 919 Grae-

150 962 317 993 corum
342 946 429 993 illo
447 983 461 1003 ,
488 962 624 1015 atque
639 945 733 993 hoc
751 945 847 1015 ipso
866 948 1014 995 vestro
1031 985 1047 1005 ,
1071 949 1273 1018 Qrites
1291 983 1306 1003 ,
1335 949 1438 991 Ro-

155 1034 298 1065 mano
327 1021 524 1087 Imperio
556 1056 572 1077 ,
621 1036 728 1066 cum
757 1020 956 1065 maxime
984 1018 1147 1089 opibus
1185 1035 1238 1064 ac
1276 1032 1437 1087 poten·-

151 1093 213 1138 tia
233 1088 415 1137 floreret
433 1130 448 1149 ,
487 1108 584 1139 tum
611 1088 912 1139 recentiffime
939 1094 989 1138 in
1012 1092 1198 1139 Gallico
1228 1108 1275 1137 re
1304 1106 1437 1135 com-

151 1163 396 1233 probatum
430 1182 482 1211 ac
510 1163 785 1233 patefactum
820 1165 881 1210 est
901 1201 914 1212 .
951 1167 1105 1231 Atque
1138 1161 1214 1209 hic
1247 1160 1332 1207 soli
1373 1178 1432 1207 ne

152 1236 332 1282 Galliae
370 1237 626 1283 litteratum
657 1254 709 1283 ac
743 1233 1088 1304 disciplinarum
1110 1233 1438 1304 amplificatio-

152 1324 263 1355 nem
297 1345 314 1366 ,
358 1326 417 1355 an
459 1311 618 1355 exteris
654 1311 792 1356 etiam
826 1308 1039 1372 gentibus
1076 1326 1128 1355 ac
1167 1306 1429 1354 nationibus

151 1380 453 1444 gratulabor?
488 1395 727 1448 propterea
767 1380 893 1447 quod
931 1378 1130 1438 fruetus,
1167 1382 1247 1447 qui
1284 1397 1338 1424 ex
1376 1379 1431 1423 iis

153 1453 341 1499 maximi
372 1467 508 1517 atque
530 1451 685 1499 uberes
707 1453 1056 1520 percipiuntur,
1093 1468 1190 1498 non
1210 1453 1343 1497 unius
1362 1468 1436 1496 re-

151 1528 305 1589 gionis
342 1524 505 1571 finibus
556 1526 853 1571 continentur
888 1560 904 1581 ,
952 1522 1028 1570 sed
1076 1519 1429 1592 quamlatissime

150 1598 381 1667 pertinent
409 1636 423 1656 ,
457 1612 594 1665 atque
626 1596 683 1643 ad
720 1598 932 1644 omnium
964 1599 1176 1661 gentium
1217 1613 1432 1642 commo-

153 1669 264 1716 dum
299 1670 636 1738 utilitatemque
668 1668 910 1717 dimanant
935 1706 948 1716 .
994 1672 1096 1732 Jarn
1132 1666 1383 1717 commoda.
1414 1704 1431 1726 ,

152 1758 271 1810 quae
301 1740 421 1790 hisce
449 1745 579 1790 annis
617 1745 665 1790 in
698 1743 1007 1792 litteratorum
1038 1746 1208 1812 Remp.
1249 1743 1434 1789 univer-

152 1812 246 1862 sam
283 1834 306 1862 e
341 1815 496 1864 Gallia
527 1813 729 1884 profesta
761 1813 864 1863 sunt
900 1812 1174 1886 amplissima
1207 1823 1251 1863 ὃς
1284 1815 1433 1861 maxi-

150 1904 227 1934 ma
258 1924 273 1944 ,
311 1891 413 1954 quis
444 1891 631 1953 ignorat
667 1895 681 1934 ?
730 1888 883 1938 Silebo
918 1892 1062 1955 igitur
1098 1898 1142 1937 &
1177 1886 1435 1957 praeteribo

153 1974 218 2007 tot
251 1959 524 2008 Academias
542 1998 556 2019 2
585 1960 715 2007 bonis
733 1962 899 2010 artibus
929 1965 1066 2027 regiis
1085 1956 1299 2029 impensis
1320 1975 1433 2004 con-

148 2033 354 2090 stitutas,
393 2032 839 2098 magnificentissima
873 2038 1077 2103 praemia
1122 2033 1179 2080 ad
1214 2032 1435 2096 ingenio-

154 2122 256 2152 rum
291 2108 645 2155 incitamentum
666 2104 894 2177 proposita
909 2124 927 2170 3
954 2105 1269 2154 incredibilem
1290 2104 1436 2151 libro-

150 2194 258 2228 rum
298 2181 395 2227 vim
414 2217 430 2240 ,
458 2182 540 2251 qui
571 2182 703 2227 omni
737 2179 970 2228 doctrinae
1004 2195 1140 2250 atque
1166 2177 1437 2228 eruditionis

1301 2266 1444 2317 gene-
