1934 2870
473 271 542 319 1⁸2
852 249 913 312 O
960 277 989 313 R
1042 274 1075 312 A
1121 272 1151 313 r
1195 275 1214 312 1
1257 278 1296 314 ο
1315 275 1334 313 ε

462 337 665 388 indicem
683 352 791 404 erga
810 335 1134 386 nobiliffimam
1163 344 1477 388 B0R130Nto
1492 354 1616 388 RUM
1644 342 1728 390 Fa·-

462 412 640 459 miliam
663 426 896 477 totamque
929 413 1156 458 Gallicam
1172 427 1357 475 gentem
1385 410 1518 459 studii
1553 429 1604 459 ac
1642 430 1728 475 νοτ·

465 485 682 539 luntatis,
721 491 764 529 &
805 500 982 530 morem
1020 484 1306 552 publicarum
1343 484 1598 547 hujusmodi
1629 502 1731 548 gra·-

467 555 744 602 tulationum
766 591 779 611 ,
819 555 1102 621 aliquamdiu
1117 559 1166 602 in
1183 555 1271 602 hoc
1304 553 1553 621 Gymnafio
1590 558 1732 602 inter-

469 626 680 684 miffum,
719 643 932 674 revocare
961 635 974 673 ἓ
1013 624 1350 674 Intermiffionis
1381 643 1534 674 autem
1554 632 1733 674 caulam

469 716 566 746 non
591 699 819 756 voluntas,
832 697 903 745 sed
921 698 1144 766 quaedam
1161 696 1387 745 neceffitas
1408 700 1558 746 attulit
1580 737 1591 747 .
1609 703 1735 747 Nam

468 773 569 838 quis
587 771 713 817 locus
727 807 741 828 ,
771 786 847 816 aut
866 771 981 817 inter
1001 770 1116 838 ipsos
1135 787 1370 816 armorum
1390 772 1608 818 tumultus
1624 808 1638 830 ‚
1659 786 1735 818 aut

465 841 674 889 nondum
703 842 839 910 plane
871 845 1034 909 quietis
1061 841 1452 908 tranquillatisque
1473 842 1599 889 rebus
1632 860 1737 888 ora-

463 917 552 960 tori
591 913 673 961 effe
708 922 913 982 poterat?
951 918 1091 962 Nunc
1118 930 1226 959 vero
1245 950 1259 971 ‚
1298 929 1403 959 cum
1421 930 1486 958 res
1504 931 1559 960 eo
1580 950 1594 971 ,
1614 913 1738 960 suni-

463 1003 538 1032 ma
579 1003 688 1048 erga
707 1003 787 1030 nos
803 988 892 1031 Dei
913 985 1227 1048 benignitate,
1265 983 1565 1041 devenerint,
1605 999 1653 1029 ut
1691 994 1735 1032 &

466 1056 584 1102 nulli
623 1071 857 1101 armorum
896 1053 1096 1118 fragores
1135 1054 1430 1101 exaudiantur
1459 1092 1472 1112 ,
1511 1064 1555 1102 δε
1595 1073 1736 1124 prope

468 1142 587 1173 certa
617 1142 750 1194 atque
769 1126 1001 1195 explorata
1031 1127 1150 1194 pacis
1173 1126 1368 1189 longum
1390 1126 1628 1173 duraturae
1643 1125 1736 1196 spes

465 1197 754 1254 ostendatur,
795 1197 905 1264 quid
938 1200 1031 1255 est,
1071 1197 1196 1264 quod
1217 1215 1298 1243 nos
1316 1196 1581 1265 prohibeat,
1621 1217 1736 1265 quo-

467 1271 616 1315 minus
646 1269 862 1315 diuturno
894 1266 1071 1315 silentio
1103 1268 1296 1315 modum
1321 1269 1571 1335 aliquando
1595 1268 1735 1316 facia-

421 1359 568 1403 ,agmus
589 1377 602 1396 ,
631 1356 763 1407 atque
795 1341 851 1386 ad
868 1341 1106 1407 pristinum
1135 1339 1316 1386 dicendi
1339 1357 1515 1386 morem
1546 1340 1735 1387 consue-

469 1412 766 1478 tudinemque
792 1408 1103 1457 revertamur?
1141 1414 1288 1457 Facite
1308 1413 1480 1474 igitur,
1509 1414 1734 1474 Qrites,

469 1499 517 1530 ut
548 1500 618 1528 me
652 1483 705 1528 de
725 1482 895 1527 Gallici
915 1484 1099 1550 Imperii
1128 1480 1372 1539 felicitate,
1400 1500 1537 1549 quam
1565 1485 1613 1529 in
1634 1482 1734 1530 fau-

467 1551 650 1602 stiffimo
702 1551 1139 1621 auspicatiffimoque
1181 1557 1555 1601 SEREN1ssiM1
1593 1559 1733 1603 BUR-

471 1642 696 1672 GUNDIAE
736 1629 922 1672 Dmms
971 1640 1073 1672 ortu
1104 1627 1249 1688 magis
1289 1624 1523 1691 magisque
1568 1627 1734 1672 consti-

466 1712 606 1744 tutam
639 1695 869 1743 ostcndam
888 1734 902 1753 ³
932 1714 1026 1743 non
1054 1711 1224 1742 attento
1251 1694 1398 1742 solum
1421 1733 1434 1753 ³
1469 1695 1541 1742 sed
1573 1697 1732 1743 libenti

465 1772 599 1815 etiam
623 1765 909 1833 studiosoque
928 1771 1084 1815 animo
1112 1767 1338 1814 dicentem
1367 1767 1557 1815 audiatis
1578 1804 1589 1815 .
1622 1771 1731 1815 Mea

467 1843 590 1886 enim
624 1842 670 1885 in
700 1857 754 1885 eo
786 1856 952 1902 genere
984 1838 1180 1886 versatur
1211 1841 1390 1893 oratio³
1429 1839 1552 1905 quod
1593 1841 1731 1885 mini-

467 1929 541 1957 me
580 1910 672 1957 sola
712 1911 962 1956 attentione
1001 1925 1267 1957 contentum
1306 1907 1388 1968 fit,
1426 1910 1498 1956 sed
1536 1910 1730 1956 studium

462 1997 691 2051 praeterea
730 1982 924 2029 vestrum
964 1981 1178 2045 efflagitet
1217 2019 1230 2038 ,
1270 1998 1321 2027 ac
1360 1982 1728 2028 benevolentiam

463 2056 662 2119 requirat
695 2089 704 2099 .
745 2053 815 2099 Est
848 2071 956 2099 vero
987 2053 1033 2099 id
1073 2070 1169 2100 non
1205 2050 1520 2119 aequiffimum
1554 2052 1726 2118 modo,

458 2142 615 2173 verum
638 2127 774 2170 etiam
794 2125 918 2172 vobis
943 2125 1088 2172 multo
1107 2123 1382 2171 facillimum
1402 2161 1415 2171 .
1443 2128 1592 2180 Nam,
1616 2141 1723 2172 cum

460 2195 515 2242 de
544 2195 712 2243 Gallici
741 2199 925 2265 Imperii
959 2196 1172 2244 felicitate
1199 2196 1335 2252 dico,
1373 2194 1490 2241 illud
1518 2197 1722 2259 cogitare

1644 2283 1724 2315 vos
