1934 2870
451 392 614 436 rares
649 416 666 444 ,
715 367 860 432 nihil
900 366 1170 429 omittere
1205 364 1439 429 voluisti
1476 412 1492 438 ,
1537 364 1710 451 quod

434 468 512 527 ad
561 470 721 529 illam
754 461 1159 526 celebritatem
1197 460 1535 543 augendam
1569 481 1713 519 con-

433 552 605 624 ferre
665 559 858 649 posset
911 582 930 627 3
984 577 1182 641 neque
1230 557 1480 618 oratoris
1534 553 1714 640 ipsiu-s

435 656 680 720 infantia
718 653 915 718 obfuit
962 700 977 726 ‚
1015 676 1141 736 quo
1176 654 1372 715 minus
1410 700 1424 725 ,
1459 654 1543 713 uti
1578 650 1718 712 sem-

436 772 562 835 per
603 748 928 819 consuesti,
965 747 1190 808 faceres
1223 746 1715 809 &humaniffime

446 845 504 907 ἃ
544 844 852 932 splendide
891 892 903 903 .
942 839 1376 903 Humaniffime
1418 841 1667 927 quidem
1703 885 1737 910 ,.

441 961 588 1001 cum
626 939 835 1001 libenti
878 953 1171 1020 gratoque
1206 936 1411 996 animo
1445 982 1461 1007 ,
1493 955 1646 1018 quae
1686 955 1720 993 a

446 1056 546 1094 me
580 1033 735 1093 dicta
754 1030 914 1103 fimt,
949 1031 1222 1115 &paene
1260 1048 1393 1090 ante
1431 1051 1614 1113 quam
1636 1027 1721 1088 di·

445 1144 730 1191 cerentur
749 1171 764 1196 ,
784 1124 1090 1210 exceperis
1108 1149 1125 1194 3
1146 1122 1450 1209 splendide
1474 1142 1670 1185 autem
1688 1168 1706 1195 ‚

441 1243 587 1283 cum
640 1219 717 1280 ad
749 1240 846 1278 me
882 1217 1252 1280 audi-endum
1305 1241 1374 1281 ea
1409 1218 1708 1281 nobilium

445 1317 862 1380 aflefflatorum
892 1310 1230 1395 frequentia
1260 1335 1611 1399 pompaque
1632 1333 1717 1373 ac„

445 1409 690 1480 ceffisti,
723 1428 877 1491 quae
913 1428 1036 1466 non
1071 1405 1261 1465 modo
1300 1410 1476 1490 Regii
1505 1409 1718 1490 Legati

441 1503 732 1591 personae
753 1547 768 1572 ,
800 1523 982 1586 quam
1020 1498 1290 1572 sustines,
1328 1504 1717 1575 conveniret,

445 1597 548 1658 sed
578 1597 755 1678 Regii
791 1594 968 1680 iplius
1001 1592 1237 1656 Infantis
1273 1643 1291 1670 ‚
1344 1598 1509 1680 cujus
1548 1617 1710 1660 ortus

447 1688 861 1754 celebrabatur
893 1735 909 1760 ,
961 1686 1479 1774 praestantiffimae
1522 1693 1709 1776 digni-

444 1787 549 1848 tati
605 1782 1055 1871 propemodum
1094 1783 1482 1870 responderet
1514 1835 1526 1849 .
1567 1785 1713 1847 Tibi

446 1882 625 1963 igitur
659 1878 1012 1940 Orationem
1049 1877 1210 1939 hanc
1245 1895 1333 1939 tot
1365 1878 1710 1943 nominibus

447 1973 713 2037 debitam
753 1971 972 2035 dedico
1010 1973 1420 2058 consecroque
1456 2018 1473 2044 ,
1527 1994 1710 2059 quam

444 2095 558 2158 pro
611 2071 1047 2135 immortalibus
1086 2075 1232 2136 Tuis
1266 2095 1406 2156 erga
1438 2096 1535 2135 me
1573 2096 1711 2159 pro-

447 2175 672 2237 meritis
704 2177 766 2236 in
801 2176 952 2257 grati
971 2174 1155 2235 animi
1175 2172 1579 2235 testimonium
1617 2193 1710 2232 ac-

1520 2267 1703 2351 cipias
