1934 2870
515 191 579 253 Ο
624 219 663 256 Κ·
705 214 740 255 Α
785 217 814 256 τ
861 219 879 255 1
923 222 993 258 o.·
1321 218 1412 278 41.

117 296 164 333 ta
201 282 328 331 enim
353 278 609 329 ostenditur
642 283 691 328 in
720 298 940 351 perpetua
970 284 1237 351 Princip'um
1287 284 1414 344 ejuss

116 356 223 405 dem
254 372 349 403 non
386 356 535 418 gentis
571 351 718 402 solum
739 392 753 413 ,
786 354 860 402 sed
879 359 1017 403 etiam
1035 354 1266 412 familiae,
1300 353 1400 402 suc-

116 427 307 477 ceffione
326 428 646 496 opportunitas
667 465 681 485 ‚
721 443 770 474 ut
785 428 961 497 reliqua
979 428 1281 477 incommoda
1291 445 1403 499 pro-⁴

113 519 172 574 pe
189 498 530 549 contemnenda
548 499 630 547 effe
652 499 891 548 videantur
908 539 919 549 .

259 570 390 637 de
422 589 532 620 vero
550 610 564 631 ,
603 570 634 620 fi
654 573 802 641 qualis
823 573 1034 622 evasurus
1054 573 1106 622 fit
1130 579 1164 623 B
1179 591 1291 624 URG
1305 578 1398 623 UNss·

113 662 252 696 DIAE
290 650 336 694 D
351 662 417 692 ux
433 682 448 703 ‚
487 662 627 713 quam
648 644 728 694 fibi
747 647 868 694 utilis
889 685 902 705 ‚
941 666 1082 716 quam
1105 651 1188 695 toti
1211 651 1398 712 Regno,

113 716 147 767 fi
178 717 366 788 quidem
403 718 518 765 olim
539 722 786 788 Imperium
810 720 1124 779 nanciscatur,
1160 720 1393 780 salutaris,

108 791 287 841 indicio
305 790 464 859 aliquo
485 794 680 839 minime
702 791 841 841 dubio
859 792 1026 861 assequi
1045 791 1176 863 poffit
1208 800 1222 839 ?
1249 793 1360 861 quid
1381 801 1397 841 ἓ

115 863 148 913 fi
172 869 270 929 jam
290 881 415 911 nunc
444 863 499 911 de
524 879 617 912 tota
635 870 727 928 ejus
750 869 869 913 vitae
892 870 1067 913 ratione
1090 865 1368 932 cognoscere
1386 904 1402 925 ,

109 936 167 984 de
189 936 345 985 studiis
362 974 377 994 ,
414 936 469 983 de
488 937 692 984 moribus
710 975 724 994 ‚
761 938 816 984 de
847 938 1087 986 virtutibus
1106 956 1247 1008 prope
1268 954 1394 985 certo

112 1012 340 1073 conjicere
363 1016 377 1055 ?
416 1010 559 1076 Atqui
595 1007 671 1055 hic
701 1012 840 1057 etiam
881 1010 935 1057 ad
972 1011 1151 1058 Galliae
1189 1010 1402 1080 praesen-

110 1097 204 1130 tem
240 1080 510 1128 felicitatem
550 1082 762 1130 cumulus
807 1083 984 1130 accedit
1010 1121 1024 1141 ,
1066 1099 1114 1130 ut
1150 1083 1204 1130 de
1247 1083 1401 1132 futura

109 1172 298 1223 quoque
323 1151 512 1201 Infantis
550 1154 680 1217 hujus
701 1156 973 1223 praestantia
1015 1164 1059 1202 &
1099 1155 1153 1201 de
1197 1157 1401 1205 mirificis

110 1244 167 1273 ex
208 1244 261 1273 ea
295 1229 345 1272 in
378 1224 420 1271 se
450 1227 566 1272 olim
602 1226 917 1274 redundaturis
960 1226 1218 1273 commodis
1264 1224 1400 1296 poffir

108 1297 192 1348 fibi
228 1301 278 1345 in
307 1297 582 1345 antecessum
621 1314 757 1366 atque
787 1299 902 1346 adeo
933 1297 1024 1346 hoc
1062 1297 1158 1369 ipso
1189 1317 1399 1369 tempore

109 1370 360 1436 gratulari.
395 1370 478 1416 Sed
501 1369 677 1417 fortasse
696 1389 792 1418 non
811 1390 866 1417 eo
884 1372 1023 1418 verbo
1046 1409 1060 1429 ,
1102 1390 1196 1438 quo
1217 1373 1392 1428 decuit,

109 1441 210 1490 usus
245 1440 343 1488 sum
366 1478 380 1499 ,
418 1444 657 1504 (Qrirites³
692 1445 774 1510 qui
803 1440 928 1489 hunc
962 1444 1143 1490 Galliae
1164 1441 1395 1491 felicitatis

108 1514 351 1564 cumulum
370 1513 837 1577 dixerim3terminum
855 1519 982 1562 enim
997 1519 1146 1563 verius
1165 1515 1301 1564 debui
1323 1516 1396 1564 di-

109 1606 210 1635 cere
231 1625 242 1635 .
257 1591 382 1635 Nam
397 1590 618 1649 majorem
638 1587 723 1634 hac
743 1585 1011 1635 felicitatem
1051 1587 1288 1658 potestisne
1309 1607 1391 1636 vos

110 1663 273 1708 animis
294 1661 446 1709 vestris
469 1663 728 1725 excogitare
746 1699 760 1719 ,
799 1678 877 1708 aut
895 1678 1047 1709 mente
1068 1662 1241 1725 fingere
1256 1678 1392 1730 atque

109 1733 385 1803 complecti?
420 1737 520 1798 Ego
559 1749 677 1780 certe
714 1752 808 1802 quo
831 1738 926 1796 jam
946 1735 1163 1803 progredi
1183 1739 1395 1782 oratione

110 1822 212 1852 mea
230 1804 390 1874 poffim
412 1843 425 1863 ,
443 1807 578 1875 plane
596 1824 691 1853 non
714 1807 875 1854 video.
910 1811 1016 1855 Huc
1037 1807 1174 1876 usque
1206 1807 1394 1878 (quan-

109 1877 170 1924 do
185 1879 345 1946 paullo
373 1879 505 1926 altius
544 1879 687 1927 ordiri
723 1878 840 1927 mihi
861 1879 1007 1927 visum
1029 1882 1089 1928 est
1106 1919 1119 1939 ,
1153 1889 1198 1929 δε
1222 1882 1395 1927 Gallici

108 1953 295 2020 Imperii
333 1949 597 2000 felicitatem
637 1969 733 1998 non
763 1952 925 2000 ufitato
945 1951 1120 2000 fortasse
1145 1969 1274 1998 more
1291 1970 1394 2021 per-

109 2021 237 2091 sequi
257 2062 271 2081 ‚
302 2021 374 2070 sed
395 2042 449 2070 ex
466 2026 518 2070 iis
532 2021 632 2091 ipsis
651 2024 829 2071 haurire
850 2023 1076 2083 fontibus,
1121 2023 1240 2071 unde
1255 2026 1390 2073 illam

110 2095 323 2143 haetenus
345 2095 592 2143 dimanass'e
612 2094 726 2143 mihi
750 2096 995 2165 persuadeo
1011 2136 1025 2154 ,
1060 2107 1104 2146 &
1124 2096 1220 2145 fore
1242 2098 1389 2145 confi·-

110 2167 171 2216 do
192 2205 207 2228 ,
231 2184 279 2217 ut
296 2171 434 2218 etiam
451 2172 501 2217 in
520 2170 750 2238 posterum
767 2174 961 2240 perenni
980 2179 1024 2221 ὅ(
1046 2189 1303 2240 numquam
1318 2174 1389 2218 in-

835 2245 865 2288 F
1304 2260 1394 2292 ter.
