1934 2870
442 232 508 290 -8
819 222 883 285 Ο
926 249 961 284 R
1007 249 1040 283 A
1088 247 1116 283 Τ
1163 248 1180 283 1
1226 248 1295 284 o.

424 251 554 362 &atur
578 329 595 374 3
634 322 902 377 tantumque
941 307 1094 356 aberat
1123 344 1138 365 ,
1175 323 1224 356 ut
1258 301 1519 375 optatiffimi
1553 308 1696 370 Regis,

426 385 651 433 levaretur
677 379 853 449 asp<ustu
876 416 892 437 ,
925 394 973 427 ut
1000 382 1150 448 potius
1188 383 1279 443 ejus
1303 376 1552 446 praesentia
1580 394 1697 428 con-

426 469 579 524 ceptus
601 455 774 501 intimis
793 450 985 501 sensibus
1005 451 1139 500 dolor
1157 448 1503 499 recrudesceret.
1531 453 1693 498 Hanc-

424 531 529 575 cine
558 525 696 574 fidem
734 562 748 583 ,
785 523 1010 571 hanccine
1046 525 1261 592 pietatem
1288 559 1304 579 ,
1342 520 1643 571 constantiam
1678 556 1696 577 ‚

423 599 700 663 religionem
738 598 931 644 minime
970 594 1310 642 instaurandam
1348 592 1430 641 effe
1470 612 1522 642 ac
1558 610 1694 640 revo-

424 670 652 719 candam?
680 671 954 716 virtutemne
973 681 1144 716 tantam
1175 668 1404 731 exstingui
1422 666 1598 734 penitus
1626 678 1695 714 at-

421 761 511 813 que
547 742 722 789 deleri?
753 759 783 787 o
811 739 969 788 frustra
999 736 1196 808 suscepta
1227 744 1364 786 vota!
1403 756 1432 784 o
1471 736 1564 806 spes
1597 739 1696 783 ina·-

425 820 540 864 nes!
571 832 600 860 o
630 810 846 860 miserum
879 829 931 858 ac
964 825 1082 857 certe
1121 808 1424 858 miserandam
1462 808 1695 856 conditio-

423 904 531 935 nem
552 891 562 932 !
583 889 677 933 Has
704 902 795 949 ego
813 884 991 930 Galliae
1005 885 1086 940 ,in
1106 900 1162 928 eo
1189 899 1338 930 rerum
1358 881 1552 928 articulo
1581 896 1696 926 con·-

422 960 598 1005 stitutae
616 993 631 1013 ,
651 973 784 1002 voces
822 972 875 1001 ac
896 956 1203 1021 querimonias
1240 952 1364 1001 fuiffe
1396 951 1694 1007 crediderim,

422 1029 624 1091 Qirites
656 1045 671 1090 5
710 1043 827 1093 quae
862 1040 979 1072 certe
1014 1027 1245 1087 graviores
1275 1025 1357 1072 effe
1389 1024 1644 1071 debuerunt
1677 1057 1693 1079 ,

423 1115 566 1166 quam
596 1096 860 1164 cujusquam
894 1097 1099 1142 nostrum
1132 1113 1258 1142 mens
1297 1110 1375 1143 aut
1410 1096 1589 1142 animus
1625 1091 1694 1139 su-

423 1169 584 1238 spicari
614 1167 765 1236 poffit:
795 1185 944 1234 neque
974 1170 1098 1214 enim
1129 1168 1183 1215 de
1202 1168 1362 1214 alienis
1380 1168 1512 1213 malis
1534 1168 1689 1234 perin-

420 1241 476 1287 de
512 1258 565 1287 ac
596 1239 650 1285 de
669 1239 829 1284 nostris
851 1241 1138 1285 commoveri
1157 1238 1351 1285 solemus
1367 1257 1384 1300 3
1420 1254 1554 1304 atque
1590 1251 1693 1282 ora·-

422 1313 510 1359 tori
546 1307 816 1380 perdifficile
844 1309 906 1356 est
947 1327 999 1356 ea
1029 1311 1092 1355 ita
1130 1309 1354 1379 explicare
1389 1309 1535 1356 verbis
1568 1344 1582 1365 ,
1641 1319 1691 1353 ut

422 1400 566 1450 aeque
602 1381 761 1429 acerba
783 1382 873 1427 illis
893 1418 907 1437 ‚
940 1384 1019 1446 qui
1054 1380 1247 1428 audiunt
1263 1418 1277 1438 ‚
1296 1381 1536 1427 videantur
1567 1376 1652 1425 effe
1675 1414 1692 1435 ,

421 1473 474 1502 ac
493 1456 546 1499 iis
572 1452 665 1499 visa
683 1451 782 1497 sunt
802 1489 816 1509 ,
840 1454 920 1518 qui
944 1449 1173 1499 senserunt
1188 1487 1199 1498 .
1228 1451 1312 1497 Sed
1343 1449 1560 1517 quorsum
1579 1450 1692 1495 ista?-

420 1541 587 1591 nempc
626 1537 675 1569 ut
710 1540 763 1568 ex
788 1540 844 1568 eo
872 1522 993 1568 luctu
1028 1539 1082 1567 ac
1112 1539 1254 1591 prope
1285 1521 1593 1589 desperatione
1620 1523 1691 1567 iu·-

425 1595 779 1658 telligatis,non
809 1591 892 1640 nisi
927 1609 1048 1640 certa
1068 1608 1203 1660 atque
1229 1593 1448 1660 praesenti
1468 1598 1689 1656 Regnan-

421 1669 475 1712 tis
502 1665 655 1712 sobole
683 1662 1022 1732 opulentiffimo
1051 1682 1199 1729 regno
1225 1662 1324 1711 satis
1346 1663 1601 1711 consultum
1621 1665 1691 1709 vi-

420 1737 518 1784 deri
550 1737 711 1784 debere
739 1754 755 1798 5
790 1746 832 1785 δε
867 1774 881 1794 ,
921 1754 1016 1804 quo
1049 1740 1194 1799 major
1226 1734 1405 1782 fortuna
1442 1738 1503 1783 est
1553 1751 1687 1802 atque

420 1809 714 1855 excellentior
733 1845 748 1866 ‚
772 1827 827 1856 eo
857 1813 1028 1871 majora
1059 1809 1114 1856 ad
1147 1808 1276 1855 illam
1302 1808 1584 1855 retinendam
1616 1824 1688 1852 re-

416 1883 539 1947 quiri
573 1876 789 1948 praesidia
822 1898 838 1943 3
880 1880 1144 1949 semperque
1179 1883 1334 1928 timori
1366 1880 1523 1928 locum
1561 1877 1644 1925 effe
1670 1914 1686 1934 ,

415 1955 593 2018 quoties
632 1952 715 1998 illa
747 1950 888 1998 desint
921 1988 936 2009 ,
982 1967 1117 2020 atque
1153 1969 1311 2000 eorum
1346 1969 1515 2018 magna
1549 1968 1686 2019 quae-

414 2022 521 2069 dam
556 2025 623 2070 vis
657 2040 709 2070 ac
749 2026 881 2092 copia
918 2040 1012 2071 non
1044 2022 1183 2072 adsit.
1623 2076 1625 2079 ,

564 2094 648 2140 Sed
678 2095 788 2161 quid
817 2113 906 2159 ego
940 2112 1030 2142 tam
1063 2097 1321 2164 longinqua
1356 2113 1489 2163 atque
1523 2092 1683 2142 acerba

420 2174 776 2214 commemoro?
812 2167 941 2216 Abiit
966 2170 1064 2230 jam
1098 2184 1273 2236 tempus
1304 2164 1421 2215 illud
1454 2182 1599 2215 merus
1629 2181 1682 2211 ac

1552 2235 1680 2284 solli<
