1934 2870
468 286 815 350 auffloritate
861 329 880 356 ,
943 298 1122 371 atque
1173 283 1329 348 adeo
1399 282 1732 369 efflagitatu

463 387 606 450 Tuo
657 378 865 468 prodit
919 379 982 441 in
1016 381 1210 442 lucem
1247 426 1266 454 ,
1309 396 1373 443 ut
1406 400 1734 469 propterea

458 499 595 540 acre
633 476 710 540 de
752 499 820 541 ea
853 475 1192 541 nouorum
1230 474 1552 541 hominum
1584 478 1730 563 judi-

458 575 621 637 cium
657 574 858 639 vereri
894 595 1022 636 non
1059 571 1393 636 admodum
1432 571 1731 647 debeam,

461 672 568 754 qui
598 694 696 735 me
732 672 1160 758 qualicumque
1193 667 1317 730 hoc
1348 691 1493 732 meo
1528 671 1727 732 dicen-

461 763 522 827 di
555 787 784 849 genere
820 766 948 829 satis
986 764 1130 827 Tibi
1170 763 1482 850 probarim
1512 811 1530 838 ,
1581 765 1728 824 Viro

459 859 519 920 ἃ
554 859 892 922 doffiffimo
927 860 983 921 &
1013 857 1438 921 eruditiffimo.
1473 857 1730 920 Accedit

455 977 572 1027 (το,
603 956 772 1041 quod
805 954 1082 1017 eamdem
1103 954 1429 1041 praesentia
1463 950 1730 1013 cohone-

462 1046 705 1111 staveris
727 1051 859 1111 Tua
877 1096 896 1123 ,
926 1047 1314 1135 effecerisque
1336 1096 1353 1122 ,
1383 1066 1445 1110 ut
1478 1047 1555 1110 ad
1591 1069 1729 1109 con-

464 1141 830 1205 fertiffimam
893 1142 1384 1229 leffiffimamque
1449 1143 1729 1228 frequen-

463 1238 605 1300 tiam
659 1259 693 1299 a
741 1259 841 1298 me
893 1238 1239 1299 recitaretur
1283 1286 1295 1300 .
1350 1237 1730 1299 Convocatis

463 1333 625 1393 enirn
650 1354 726 1393 ex
745 1329 1127 1414 Ampliffirno
1148 1334 1561 1394 Cardinalium
1583 1332 1728 1393 Col-

463 1426 625 1507 legio
644 1426 746 1495 iis,
778 1422 997 1509 quibus
1016 1426 1177 1511 apud
1192 1425 1603 1514 Apostolicau]
1633 1427 1729 1486 Se·

463 1519 605 1580 dem
639 1536 1022 1580 externorum
1053 1522 1408 1604 Regnorum
1445 1522 1623 1584 tutela
1662 1539 1730 1581 ac

464 1614 810 1702 procuratio
847 1611 1209 1679 demandata
1243 1616 1328 1678 est
1360 1664 1377 1689 ,
1429 1615 1733 1680 omnibus:

464 1729 584 1793 que
607 1708 879 1769 omniurn
899 1708 1244 1797 Principum
1266 1714 1506 1797 Legatis
1521 1761 1538 1787 ,
1570 1713 1626 1775 ἃ.
1657 1735 1734 1774 ex

464 1804 675 1889 primis
705 1803 1040 1866 Ordinibus
1088 1804 1461 1872 nobiliffimis
1495 1809 1732 1898 quibu(-

464 1919 590 1982 que
627 1919 698 1960 ac
734 1896 1163 1985 sapientiffimis
1195 1949 1212 1973 ‚
1252 1905 1377 1984 ejus
1414 1906 1533 1967 diei
1582 1907 1734 1967 cele-

465 1988 774 2067 britatem,
808 2017 934 2080 quo
967 1992 1172 2057 habita
1205 1994 1360 2058 haec
1380 1997 1570 2058 oratio
1590 1996 1732 2067 fuit,

467 2090 660 2150 multo
690 2088 824 2153 {ane
846 2093 1138 2177 majorem
1167 2090 1478 2156 reddidisti
1494 2137 1513 2166 ,
1547 2111 1730 2175 quam

1671 2201 1736 2248 Ut
